2788 4326
290 399 293 407 ⁴
380 392 529 436 EPISTULA
553 393 596 436 Ab
619 393 650 445 Q.
666 393 703 458 lt.
749 393 818 438 CAP.
844 397 872 455 9.
1052 393 1090 452 91

139 514 201 576 scio
223 535 353 592 quonam
377 519 478 595 modo,
500 523 616 581 Romae
631 519 752 598 quidem
774 538 836 580 non
855 514 999 579 medibcri
1023 534 1091 578 curn

140 604 337 667 admiratione
365 609 511 683 laudatur,
543 611 633 688 quod,
657 619 732 672 'cum
755 611 794 668 ad
820 609 964 687 templum
987 625 1093 667 monu-

140 705 335 772 mentumque
369 708 502 759 nostrum
539 698 672 760 civitates
705 696 846 777 pecunias
882 694 1091 771 decrevissent,

141 802 269 862 cumque
290 785 322 845 id
339 797 369 846 et
390 808 445 866 pro
468 789 542 850 meis
564 788 680 867 magnis
701 787 812 848 meritis
827 797 857 848 et
879 807 933 866 pro
952 785 1011 847 tuis
1035 806 1093 846 ma-

141 872 226 934 ximis
248 875 400 938 beneficiis
424 896 540 939 summa
570 897 622 939 sua
651 880 805 938 voluntate
827 876 973 950 fecissent,
998 875 1092 936 nomi·

79 977 81 984 “
142 963 294 1041 natimque
317 965 365 1025 lex
388 966 545 1046 exciperet,
570 985 612 1027 ur
627 985 670 1026 ao
686 984 837 1028 rumetum
862 984 901 1026 nr
925 981 1095 1024 mortuorun-

142 1071 209 1112 ruu
232 1070 353 1113 carran
376 1073 516 1130 trenam,
543 1075 674 1134 cumque
704 1054 744 1132 id,
768 1057 852 1134 quod
875 1056 1009 1130 dabatur,
1033 1074 1095 1115 non

143 1152 220 1203 esset
241 1141 436 1219 interiturum,
471 1147 524 1206 sed
553 1144 584 1206 in
615 1145 797 1206 ornamentis
819 1144 923 1224 templi
952 1147 1092 1217 futurum,

142 1242 260 1292 utnon
284 1233 356 1294 mihi
378 1234 477 1312 potius
507 1253 597 1313 quam
619 1237 733 1314 populo
754 1238 895 1296 Romano
917 1255 952 1296 ac
975 1233 1021 1294 dis
1042 1232 1095 1293 im-

142 1321 317 1384 mortalibus
339 1324 443 1385 datum
466 1323 624 1398 videretur,
650 1334 749 1385 tamen
772 1323 813 1398 id,
830 1323 861 1384 in
885 1344 945 1401 quo
968 1333 1031 1384 erat
1053 1321 1095 1383 di·

142 1411 246 1488 gnitas,
271 1423 334 1490 erat
364 1415 421 1488 lex,
454 1425 516 1475 erat
546 1433 660 1490 eorum,
685 1413 737 1492 qui
765 1411 922 1488 faciebant,
948 1413 1093 1490 voluntas,

142 1499 349 1579 accipiendum
372 1523 434 1564 non
449 1503 559 1582 putavi,
584 1524 653 1567 cum
675 1502 740 1564 aliis
755 1504 794 1564 de
812 1500 905 1564 causis
920 1511 984 1563 tum
1006 1501 1096 1562 etiam

143 1599 175 1649 ut
198 1589 298 1652 animo
313 1592 452 1670 aequiore
475 1595 585 1655 ferrent
607 1592 637 1668 ii,
654 1593 763 1669 quibus
785 1611 843 1653 nec
858 1593 1017 1653 deberetur
1039 1610 1097 1652 nec

140 1677 252 1742 liceret.
309 1683 498 1761 Quapropter
530 1683 671 1745 incumbe
705 1692 769 1743 toto
802 1681 903 1742 animo
933 1691 964 1742 et
998 1679 1096 1742 studio
1122 1695 1158 1753 27

141 1768 224 1830 omni
252 1768 283 1830 in
317 1790 383 1831 eam
414 1770 569 1854 rationem,
601 1792 660 1850 qua
681 1773 781 1833 adhuc
807 1790 877 1832 usus
907 1790 948 1846 es,
972 1781 1005 1832 ut
1035 1790 1114 1845 eos„

143 1877 218 1935 quos
232 1870 301 1920 tuae
315 1859 386 1920 fidei
401 1861 599 1940 potestatique
611 1871 729 1922 senatus
741 1862 929 1940 populusque
941 1863 1096 1921 Romanus

143 1949 290 2025 commisit
317 1959 348 2010 et
377 1949 511 2026 credidit,
545 1950 649 2030 diligas
680 1960 710 2011 et
739 1949 822 2012 omni
851 1950 964 2011 ratione
995 1961 1096 2012 tueare

142 2047 172 2098 et
195 2057 259 2099 esse
282 2058 374 2117 quam
396 2040 582 2102 beatissimos
597 2040 679 2102 velis.
726 2041 818 2118 Quod
840 2038 864 2100 si
884 2051 916 2101 te
938 2059 1000 2101 sors
1016 2031 1095 2101 Afris

141 2136 193 2188 aut
215 2127 358 2207 Hispanis
374 2141 425 2191 aut
448 2131 540 2191 Gallis
562 2128 759 2210 praefecisset,
776 2129 957 2192 immanibus
972 2150 1007 2191 ac
1029 2132 1094 2190 bar·

142 2216 220 2277 baris
243 2217 421 2294 nationibus,
447 2230 547 2282 tamen
577 2229 654 2280 esset
679 2217 870 2279 humanitatis
896 2229 965 2280 tuae
988 2237 1092 2280 consu·

141 2307 203 2366 lere
219 2326 322 2368 eorum
339 2309 507 2372 commodis
522 2319 552 2370 et
567 2306 685 2370 utilitati
700 2307 846 2385 salutique
863 2307 982 2370 servire.
1018 2309 1095 2370 Cum

141 2415 213 2457 vero
236 2395 264 2457 ei
287 2397 388 2475 generi
410 2399 566 2460 hominum
589 2403 761 2477 praesimus,
778 2417 841 2458 non
864 2398 956 2459 modo
978 2397 1010 2458 in
1033 2416 1094 2474 quo

142 2484 206 2563 ipsa
229 2485 273 2560 sit,
297 2488 351 2549 sed
375 2488 463 2550 etiam
486 2511 504 2549 a
527 2506 588 2567 quo
611 2489 651 2549 ad
679 2486 752 2548 alios
781 2485 949 2566 pervenisse
974 2495 1095 2566 putetur

142 2575 318 2661 hnmanitas,
335 2588 415 2639 certe
437 2578 472 2640 iis
492 2598 559 2640 eam
582 2575 768 2655 potissimum
791 2575 921 2638 tribuere
936 2577 1090 2650 debemus,

141 2665 292 2742 aquibus
313 2667 492 2746 accepimus.
545 2669 617 2728 Non
639 2666 719 2728 enim
749 2685 798 2728 me
824 2667 882 2729 hoc
911 2665 971 2728 iam
993 2665 1092 2728 dicere
1119 2666 1157 2723 28

177 2899 259 2952 nescio
277 2915 353 2965 quen.
372 2904 451 2952 modo,
471 2901 590 2952 Intendi:
643 2901 802 2967 provinciali.
816 2907 914 2952 eccetto
933 2901 961 2951 in
974 2901 1093 2952 determi-

129 2967 185 3021 'sia
204 2971 343 3038 giudicato.
643 2974 697 3023 nati
716 2973 778 3023 cast.

116 3102 118 3106 ¹
177 3043 311 3101 laudatur,
324 3046 398 3107 quod.
412 3046 510 3110 Questo
526 3046 595 3111 quod
679 3055 786 3092 carnae
812 3055 937 3093 nrcnnnr.
961 3040 1026 3094 Cloe
1049 3049 1093 3108 pe-

143 3111 363 3180 econgiunzione‚
377 3117 426 3167 esi
439 3118 502 3169 deve
518 3119 592 3169 unire
645 3116 755 3166 cuniam.

72 3191 75 3194 '
144 3187 176 3235 ad
194 3187 367 3251 accepiendum
380 3189 482 3252 putavi.
680 3203 725 3236 nec
743 3187 873 3237 deberetur
895 3200 940 3235 nec
964 3187 1002 3236 lic.
1029 3183 1093 3237 Cloe

178 3269 216 3306 UT
234 3270 273 3307 an
291 3271 433 3310 rumetum.
455 3261 591 3327 Iprovin·
646 3259 699 3326 agli
717 3259 788 3308 edili.
806 3256 848 3308 Dt
871 3258 897 3308 la
922 3259 1028 3324 ragione
1051 3259 1094 3309 del

143 3329 203 3379 ciali
222 3329 309 3380 d'Asia
326 3331 450 3382 volevano
463 3332 591 3383 innalzare
645 3331 723 3380 modo
741 3330 912 3394 soggiuntivo.

144 3417 179 3450 un
198 3402 295 3468 templo
314 3403 339 3452 ai
352 3404 400 3453 due
417 3403 535 3454 Ciceroni
545 3421 590 3470 per
679 3411 721 3464 27.
740 3401 873 3452 rationem.
893 3402 976 3452 Linea
993 3402 1020 3451 di
1033 3417 1092 3452 con·

143 3473 349 3540 ricompensarne
362 3475 371 3524 i
385 3475 468 3526 meriti
479 3489 554 3526 verso
564 3476 591 3525 di
644 3475 723 3525 dotta.
759 3476 763 3484 ’

143 3540 178 3593 se.
197 3546 235 3594 La
254 3546 302 3605 lex,
323 3562 337 3595 a
356 3546 397 3596 cui
418 3547 440 3596 si
465 3545 591 3607 alludat
679 3543 912 3595 damnantia...
938 3543 1091 3595 burnanitar.

144 3630 195 3665 una
213 3616 282 3667 delle
299 3618 368 3684 leggi
391 3618 419 3667 de
437 3617 592 3682 repetundis,
644 3619 713 3668 Nota
725 3617 792 3666 bene
802 3617 821 3666 il
831 3617 932 3667 diverso
943 3617 1091 3682 significato

144 3685 191 3738 che
209 3688 361 3754 proibivano
380 3691 405 3740 ai
430 3689 593 3756 govemetori
646 3690 673 3739 in
690 3688 732 3738 cui
751 3685 850 3738 eurota
862 3688 888 3739 la
900 3689 1012 3739 seconde
1024 3685 1093 3738 volta

145 3757 170 3807 di
189 3759 300 3812 ricevere
318 3761 407 3813 denari
425 3779 442 3814 o
466 3761 529 3814 doni
550 3761 593 3813 dai
645 3765 735 3828 queste
753 3775 823 3810 voce.
