2788 4326
286 344 329 422 98
475 358 622 404 rrrsrura
646 359 689 402 ao
712 360 743 412 Q.
769 361 796 403 r.
844 359 913 403 cnr.
944 363 1048 420 13·14.

287 504 440 562 nunquam
464 485 553 546 etiam
578 484 782 562 lentitudinis;
818 485 964 546 moderari
990 505 1060 545 vero
1083 496 1113 546 et
1138 484 1249 544 animo

289 586 319 635 et
343 572 476 647 orationi,
509 593 577 636 cum
599 575 638 635 sis
660 575 759 649 iratus,
784 585 835 636 aut
858 573 946 634 etiarn
969 586 1064 635 tacere
1085 584 1115 634 et
1136 584 1244 634 tenere

289 663 321 723 in
345 684 398 724 sua
428 673 574 742 potestate
604 675 719 725 motum
749 663 840 724 animi
863 675 893 723 et
923 666 1065 734 dolorem,
1097 662 1151 723 etsi
1178 682 1243 723 non

289 763 334 812 est
358 755 507 830 perfectae
537 751 707 831 sapientiae,
736 763 835 814 tamen
859 763 903 812 est
933 771 995 813 non
1017 751 1176 813 mediocris
1197 751 1243 810 in·

221 861 264 920 39
288 841 377 919 genii.
425 845 522 918 Atque
544 841 575 900 in
599 843 657 902 hoc
679 862 787 923 genere
810 843 904 901 multo
926 852 955 902 te
986 861 1049 901 esse
1073 841 1132 901 iam
1160 860 1242 902 com-

288 931 456 991 modiorem
484 929 689 1007 mitioremque
721 931 877 992 nuntiant:
917 933 1014 990 nullae
1049 941 1117 990 tuae
1151 931 1242 990 vehe-

288 1019 450 1080 mentiores
472 1018 562 1079 animi
585 1019 807 1093 concitationes,
832 1022 914 1092 nulla
936 1020 1093 1080 maledicta
1112 1020 1151 1079 ad
1174 1037 1242 1089 nos,

288 1111 388 1168 nullae
412 1107 608 1168 contumeliae
638 1111 845 1186 perferuntur;
880 1127 1048 1185 quaecum
1079 1109 1248 1168 abhorrent

288 1218 307 1256 a
328 1195 441 1270 litteris,
465 1198 504 1256 ab
528 1199 720 1271 humanitate,
744 1207 807 1257 turn
831 1217 902 1257 vero
926 1196 1072 1257 contraria
1098 1207 1167 1256 sunt
1189 1195 1244 1254 irn-

288 1285 372 1363 perio
403 1305 437 1346 ac
467 1285 612 1363 dignitati.
668 1289 754 1359 Nam,
787 1286 810 1346 si
840 1286 1041 1364 implacabiles
1071 1284 1250 1346 iracundiae·

288 1384 366 1446 sunt,
386 1393 501 1434 summa
514 1385 558 1434 est
573 1374 725 1448 acerbitas,
750 1374 910 1435 sinautem
926 1374 1099 1446 exorabiles,
1125 1393 1245 1434 summa

288 1463 414 1538 levitas;
454 1482 529 1541 quae
560 1473 669 1537 tamen,
705 1473 738 1523 ut
767 1464 797 1523 in
828 1463 921 1537 malis,
946 1463 1098 1525 acerbitati
1120 1473 1247 1540 antepo-

242 1599 262 1664 4
287 1553 389 1611 nenda
412 1562 465 1613 est.
952 1567 955 1572 ·

335 1642 394 1701 Sed
410 1641 550 1719 quoniam
574 1640 686 1718 primus
701 1661 796 1701 annus
818 1639 923 1700 habuit
945 1642 984 1701 de
1006 1643 1062 1702 hac
1084 1641 1247 1718 reprehen-

223 1713 265 1767 4⁰
290 1729 372 1790 sione
402 1729 565 1807 plurimum
593 1730 737 1790 sermonis
765 1763 807 1772 —
838 1731 927 1790 credo
963 1740 1128 1807 propterea,
1160 1729 1246 1806 quod

289 1818 344 1878 tibi
366 1817 522 1878 hominum
545 1817 677 1892 iniuriae,
701 1820 783 1896 quod
809 1817 956 1892 avaritiae,
980 1819 1063 1895 quod
1085 1814 1248 1878 insolentia

289 1918 405 1985 praeter
417 1907 589 1985 opinionem
600 1907 754 1968 accidebat
770 1917 800 1967 et
811 1907 1005 1982 intolerabilis
1019 1906 1177 1967 videbatur
1190 1937 1247 1978 -,
1289 1939 1294 1948 ·
1384 1909 1385 1916 ’

290 1997 439 2056 secundus
461 2005 560 2054 autern
588 1998 682 2056 multo
707 1995 811 2069 lenior,
845 1997 925 2072 quod
949 2006 979 2055 et
1001 1996 1187 2056 consuetudo
1215 2005 1249 2054 et

291 2084 367 2144 ratio
390 2093 428 2156 et,
454 2093 486 2143 ut
509 2103 565 2162 ego
588 2087 722 2157 arbitror,
747 2104 831 2144 meae
854 2103 975 2162 qnoque
1004 2083 1118 2144 litterae
1141 2094 1171 2144 te
1194 2102 1248 2159 pa-

290 2172 460 2233 tientiorem
490 2173 693 2250 lenioremque
716 2175 857 2247 fecerunt,
887 2172 989 2233 tertius
1012 2191 1108 2232 annus
1130 2173 1172 2232 ita
1194 2172 1247 2231 de·

290 2265 343 2323 bet
366 2281 430 2321 esse
453 2263 636 2335 emendatus,
662 2274 750 2323 utne
774 2261 925 2322 minimam
942 2262 1063 2339 quidem
1087 2280 1150 2321 rem
1167 2259 1249 2339 quis·

223 2381 263 2435 4¹
291 2371 380 2428 quam
409 2350 501 2429 possit
531 2353 621 2411 ullam
651 2352 879 2429 reprehendere.
934 2354 978 2412 Ac
1004 2350 1063 2410 iarn
1096 2352 1249 2410 hocloco

290 2459 352 2499 non
380 2438 547 2500 hortatione
570 2459 667 2517 neque
694 2439 865 2518 praeceptis
898 2440 951 2499 sed
977 2439 1113 2518 precibus
1144 2449 1249 2498 tecum

290 2528 426 2588 fraternis
448 2548 513 2606 ago,
545 2539 639 2588 toturn
663 2540 695 2589 ut
721 2527 862 2600 animum,
895 2547 995 2589 curam
1024 2526 1250 2606 cogitationem·

291 2636 350 2695 que
373 2626 454 2676 tuam
477 2637 571 2695 ponas
589 2616 620 2677 in
642 2617 776 2678 omnium
798 2619 887 2676 laude
910 2617 1042 2695 undique
1064 2616 1248 2694 colligenda.

291 2707 383 2784 Quod
405 2705 428 2765 si
451 2705 482 2764 in
505 2705 647 2768 mediocri
675 2716 751 2766 statu
778 2705 922 2766 sermonis
951 2726 986 2767 ac
1016 2703 1253 2783 praedicationis

341 2987 506 3037 lentitudinis.
549 2985 741 3044 Iasensibilita;
833 2987 983 3036 Sammario.
994 2988 1005 3035 I
1015 2986 1077 3050 Cap.
1091 2985 1169 3046 14·16
1185 3001 1250 3035 cou-

296 3065 406 3122 torpore.
798 3067 910 3124 teugono
929 3059 955 3107 la
976 3057 1185 3123 ricapitolazione
1204 3057 1251 3106 del

332 3141 375 3191 39.
394 3135 452 3178 tuae
471 3151 505 3170 ==
523 3129 551 3178 de
569 3135 599 3178 te.
613 3128 664 3178 cn.
678 3129 703 3178 S.
717 3129 742 3178 S.
797 3128 839 3194 gil
864 3130 940 3188 detto,
971 3146 985 3179 e
1012 3129 1037 3178 la
1065 3128 1153 3206 chinea
1178 3127 1252 3177 della

297 3199 327 3248 L.
348 3196 365 3262 ξ
388 3209 425 3262 15.
797 3201 895 3252 lettera.

332 3270 430 3319 litteris.
461 3270 574 3318 Litterae
602 3271 659 3322 vale
682 3271 742 3336 qui:
833 3269 904 3336 Cap.
923 3266 971 3336 14,
994 3284 1036 3332 40.
1063 3268 1175 3317 babuit...
1194 3284 1253 3317 ser·

296 3341 456 3391 cultura.
797 3344 887 3392 aaronis.
910 3345 949 3392 Fu
967 3342 1053 3407 quello
1079 3341 1106 3390 in
1132 3342 1174 3390 cui
1192 3340 1214 3389 si
1235 3339 1251 3390 ὲ

333 3412 395 3460 irac.
407 3411 455 3462 Col
466 3412 529 3478 plur.
538 3412 623 3462 allude
634 3413 658 3461 al
668 3413 745 3462 ricor-
757 3443 760 3450 ·
801 3413 1003 3478 maggiormente
1013 3412 1111 3478 parlato
1121 3413 1147 3461 di
1157 3419 1254 3476 questo

296 3498 352 3532 rere
363 3484 430 3548 degli
442 3484 534 3533 accessi
543 3483 684 3532 dell'ira.In
692 3484 744 3533 ital.
803 3493 846 3534 tuo
865 3485 963 3534 difetto.

296 3555 318 3603 si
337 3552 390 3619 pub
409 3555 592 3604 accontentarsi
610 3554 652 3605 del
670 3555 735 3619 sing.
836 3569 879 3616 41.
896 3556 971 3616 Quod
985 3556 1008 3603 si
1019 3570 1070 3604 ecc.
1089 3553 1112 3602 Il
1126 3569 1203 3604 senso
1217 3550 1252 3604 e:

333 3625 402 3673 utin
417 3627 500 3676 malis.
517 3627 557 3676 Sc.
571 3625 748 3689 minimarligr'
801 3628 834 3678 Se
861 3627 886 3676 la
911 3627 1046 3677 condizion
1070 3633 1155 3675 nostra
1180 3624 1252 3674 fosse

291 3695 380 3745 solent.
799 3698 923 3748 d'uomiui
936 3697 1056 3757 ordinari,
1070 3694 1153 3746 talche
1169 3695 1250 3763 pochi
