2788 4326
482 327 631 372 rams'runn
659 333 765 389 32·33.
1066 329 1104 390 25

139 453 187 516 sic
210 455 298 531 legas
324 464 357 514 ut
378 472 496 514 causam
522 467 645 516 tenuem
669 467 700 516 et
722 455 843 534 inopem
867 475 924 517 nec
946 454 1106 533 scriptione

142 562 254 621 magno
270 562 360 620 opere
384 541 515 620 dignam.
554 545 614 604 Sed
638 565 693 622 ego
716 543 826 623 hospiti
848 545 940 604 veteri
957 555 987 605 et
1008 543 1105 604 amico

142 635 352 692 munusculum
376 631 493 692 mittere
516 633 597 692 volui
620 633 781 707 levidense,
807 654 904 694 crasso
932 637 991 708 filo,
1021 633 1105 694 cuius

138 721 226 782 modi
249 720 341 797 ipsius
363 723 463 780 solent
486 741 549 781 esse
574 726 705 783 munera.
753 727 801 783 Tu
824 723 912 783 velim
939 723 1039 784 animo
1062 743 1105 782 sa·

141 810 238 888 pienti
261 809 390 887 fortique
412 809 460 884 sis,
485 822 518 870 ut
533 822 583 871 tua
603 811 768 872 moderatio
785 824 814 873 et
829 813 955 890 gravitas
978 812 1105 872 aliorum

136 899 266 959 infamet
284 898 431 960 iniuriam.

599 1131 661 1196 33.

142 1298 188 1356 Μ.
214 1295 365 1356 CICERO
389 1297 472 1356 IMP.
498 1297 527 1354 S.
546 1296 583 1355 D.
609 1298 653 1356 M.
676 1296 827 1356 CAELIO
846 1296 984 1355 AEDILI
1007 1297 1104 1362 CUR.

187 1529 231 1586 M.
255 1525 358 1600 Fadio,
383 1525 447 1586 viro
469 1525 584 1604 optimo
608 1536 638 1586 et
659 1524 781 1586 homine
805 1525 987 1598 doctissimo,
1022 1528 1104 1586 fami·

136 1614 295 1674 liarissime
312 1627 388 1686 utor,
413 1614 595 1691 mirificeque
612 1635 679 1674 eum
696 1614 787 1692 diligo
803 1634 871 1675 cum
888 1625 1009 1692 propter
1026 1636 1104 1676 sum·

140 1723 224 1764 mum
241 1703 395 1781 ingenium
411 1703 474 1764 eius
485 1723 692 1779 summamque
709 1702 883 1776 doctrinam,
902 1715 965 1763 tum
982 1715 1104 1782 propter

135 1793 320 1870 singularem
346 1792 544 1852 modestiam:
581 1791 644 1852 eius
668 1793 818 1869 negotium
836 1793 878 1853 sic
900 1793 990 1852 velim
1013 1794 1103 1855 susci·

139 1882 213 1960 pias,
247 1892 280 1942 ut
302 1882 326 1941 si
350 1892 426 1942 esset
448 1901 496 1941 res
519 1902 595 1943 mea.
644 1880 724 1941 Novi
750 1902 806 1958 ego
828 1902 883 1942 vos
905 1902 1029 1958 magnos
1053 1904 1103 1960 pa·

136 1982 264 2032 tronos:
299 1970 452 2032 hominem
478 1971 595 2031 occidat
612 1981 738 2048 oportet,
764 1970 815 2048 qui
831 1982 928 2030 vestra
944 1991 1036 2048 opera
1059 1971 1103 2031 uti

139 2059 224 2120 velit.
264 2061 323 2120 Sed
339 2060 369 2119 in
386 2061 445 2120 hoc
461 2059 583 2119 homine
600 2062 711 2119 nullam
727 2059 841 2137 accipio
864 2059 1101 2120 excusationem:

136 2149 243 2210 omnia
264 2148 423 2226 relinques,
449 2149 473 2208 si
497 2169 545 2208 me
568 2147 691 2222 amabis,
716 2168 783 2209 cum
807 2160 858 2210 tua
881 2168 971 2227 opera
994 2149 1104 2210 Fadius

141 2239 186 2299 uti
209 2241 299 2298 volet.
345 2241 409 2316 Ego
431 2258 478 2298 res
501 2241 653 2298 Romanas
679 2239 872 2297 vehementer
899 2247 1047 2314 exspect0,
1073 2249 1104 2298 et

138 2326 288 2396 desidero,
319 2326 350 2386 in
378 2327 540 2404 primisque
570 2325 643 2404 quid
673 2346 742 2402 agas
776 2327 851 2387 scire
883 2326 992 2404 cupio:
1031 2346 1102 2386 nam

137 2418 199 2477 iam
224 2416 276 2476 diu
307 2427 429 2493 propter
459 2415 565 2476 hiimis
596 2415 830 2493 magnitudinem
863 2414 937 2474 nihil
965 2414 1038 2474 novi
1062 2417 1103 2475 ad

139 2526 196 2566 nos
219 2507 406 2564 afferebatur.

174 2753 319 2815 scriptione.
340 2752 371 2801 D'
383 2769 450 2802 esser
470 2768 551 2803 messa
565 2752 591 2801 in

138 2823 244 2872 iseritto.

176 2895 305 2944 levidense.
326 2895 361 2944 Di
381 2911 447 2959 poco
466 2903 551 2944 conto.

175 2982 262 3014 crasso
286 2966 344 3029 filo.
371 2967 498 3016 Metasora
529 2965 592 3015 totta

137 3038 184 3086 dai
203 3037 298 3087 tessuti.

175 3110 249 3156 cuius
274 3107 382 3157 modi...
409 3123 523 3158 munera.
546 3107 592 3157 Al·

139 3179 247 3238 lusione,
267 3179 315 3229 che
334 3195 395 3243 pare
408 3179 536 3242 significhi
550 3195 592 3228 co·

139 3265 181 3299 me
194 3251 320 3300 Cicerone
334 3250 400 3300 fosse
416 3251 592 3300 malcontento

140 3321 209 3370 della
227 3319 354 3372 liberaliti
373 3322 399 3370 di
421 3323 544 3372 Deiotaro
563 3318 591 3386 (a

136 3395 181 3442 cui
201 3401 269 3442 certo
289 3394 310 3441 si
332 3391 481 3454 sileriscono
504 3393 528 3442 le
548 3409 591 3455 pa·

140 3464 195 3513 role
212 3465 308 3527 hospiti
324 3464 404 3512 veteri
422 3471 447 3512 et
463 3460 564 3527 arnico).

177 3531 230 3599 Ep·
243 3531 291 3585 88·
311 3535 403 3586 Scritta
417 3537 448 3584 da
461 3536 592 3585 Laodicea

137 3602 221 3669 (nella
234 3607 366 3671 provincia
378 3607 404 3656 di
418 3603 529 3670 Cilicia),
549 3605 591 3655 nel

140 3676 256 3728 iebbraio
275 3677 317 3727 del
338 3687 397 3740 704.

683 2754 722 2801 M.
743 2754 831 2804 Fadio.
850 2756 873 2804 A
891 2754 927 2802 lui
950 2769 1014 2802 sono
1034 2754 1100 2803 indi·

646 2825 736 2873 rizzate
756 2826 849 2890 cinque
873 2825 940 2874 delle
965 2825 1053 2874 lettere
1072 2826 1099 2874 di

646 2895 779 2954 Cicerone,
808 2897 855 2946 che
885 2912 979 2946 ancora
1003 2898 1100 2945 riman·

646 2983 724 3030 gono.

681 3054 786 3102 roognos
805 3044 940 3101 patronos.
962 3039 1100 3088 Protettori

646 3109 724 3158 d'alto
741 3103 826 3159 aliare.
839 3108 974 3157 Patronus
987 3109 1027 3157 val
1041 3125 1099 3174 pro·

645 3181 788 3245 priamente
801 3180 842 3229 chi
862 3180 949 3230 assiste
964 3197 979 3229 o
994 3179 1099 3230 dilende

646 3253 673 3300 in
693 3252 828 3306 tribunale.

682 3324 831 3372 hominem...
857 3328 962 3384 oportet.
986 3323 1099 3387 Bisogna

646 3394 693 3443 che
713 3393 808 3442 l'abbia
822 3394 883 3443 satta
902 3407 1003 3458 grossa;
1024 3392 1096 3444 cine:

646 3465 688 3514 voi
713 3481 765 3514 non
787 3466 811 3513 vi
837 3471 940 3515 mettete
964 3464 1006 3514 all'
1019 3480 1099 3529 opera

646 3553 691 3602 per
709 3552 786 3601 poco.

682 3608 747 3671 quid
761 3621 830 3671 ogas.
851 3608 932 3657 Come
950 3607 999 3656 stai
1019 3607 1045 3656 di
1058 3623 1101 3657 sa-

639 3677 706 3728 tute.
