2788 4326
484 371 633 415 rmsrunn
659 372 674 433 5
681 376 710 432 3.
1052 374 1092 436 59

125 495 302 578 praecipere
325 500 412 572 soles,
433 517 468 558 ea
490 507 553 558 tute
580 496 634 559 tibi
665 497 768 559 subice
797 508 888 576 atque
918 499 1001 576 apud
1032 499 1093 559 ani·

128 606 213 648 mum
230 606 376 664 propone.
416 587 523 647 Nullus
539 588 625 649 dolor
641 598 693 660 est,
712 606 801 665 quem
817 605 878 647 non
891 586 1093 665 longinquitas
1118 591 1140 648 f>

128 675 273 753 temporis
296 674 410 736 minuat
432 695 468 737 ac
489 676 623 738 molliat:
663 679 722 737 hoc
740 687 770 736 te
787 687 959 755 exspectare
975 686 1094 755 tempus

128 763 186 826 tibi
208 775 295 843 turpe
319 776 364 826 est
386 785 421 826 ac
443 785 505 825 non
529 765 557 825 ei
579 764 622 825 rei
645 765 790 844 sapientia
813 776 909 828 tuate
925 784 1091 829 occurrere.

128 853 223 930 Quod
240 852 264 913 si
280 854 331 932 qui
348 853 436 914 etiam
452 853 554 937 inferis
569 874 672 915 sensus
688 865 741 928 est,
759 854 812 933 qui
824 854 901 914 illius
917 855 946 915 in
964 867 993 916 te
1009 873 1094 914 amor

128 943 186 1004 luit
206 941 361 1020 pietasque
385 943 415 1002 in
439 963 545 1004 omnes
567 963 644 1017 suos,
670 946 729 1005 hoc
751 954 831 1004 certe
853 944 904 1004 illa
934 955 964 1004 te
997 946 1096 1004 facere

127 1052 192 1092 non
215 1034 289 1093 vult'.
336 1036 383 1092 Da
406 1035 465 1094 hoe
486 1033 529 1092 illi
552 1043 708 1107 mortuae;
746 1034 785 1093 da
809 1032 913 1094 ceteris
936 1031 1038 1093 amicis
1058 1053 1094 1092 ac

127 1119 330 1195 familiaribus,
349 1121 401 1199 qui
424 1132 476 1182 tuo
500 1123 603 1183 dolore
619 1131 772 1196 maerent;
813 1123 853 1181 da
872 1121 992 1201 patriae,
1010 1131 1050 1196 ut,
1068 1120 1093 1180 si

128 1230 190 1288 qua
212 1209 244 1269 in
266 1230 299 1271 re
321 1231 398 1288 opus
422 1210 467 1284 sit,
496 1230 587 1289 opera
618 1221 647 1270 et
678 1209 802 1271 consilio
833 1221 886 1271 tuo
916 1211 959 1270 uti
990 1209 1093 1289 possit.

128 1298 279 1376 Denique,
297 1299 440 1377 quoniam
464 1299 495 1359 in
511 1320 577 1360 eam
596 1300 716 1360 fortuna
739 1299 922 1375 devenimus,
936 1310 979 1360 ·ut
1003 1298 1092 1360 etiam

128 1381 200 1448 huic
215 1387 260 1447 rei
276 1388 364 1448 uobis
380 1388 569 1449 serviendum
594 1387 638 1463 sit,
657 1388 720 1449 noli
743 1388 938 1462 committere,
961 1399 994 1449 ut
1017 1388 1093 1466 quis·

129 1497 222 1556 quam
245 1487 276 1537 te
299 1488 385 1556 putet
407 1497 469 1538 non
492 1489 553 1538 tam
576 1477 666 1538 filiam
690 1497 781 1555 quam
803 1477 846 1537 rei
861 1476 999 1555 publicae
1018 1487 1094 1536 tem·

130 1587 206 1644 pora
230 1577 260 1626 et
283 1566 408 1627 aliorum
432 1565 584 1628 victoriam
607 1569 716 1645 lugere.
762 1567 850 1626 Plura
869 1585 917 1625 me
933 1568 972 1626 ad
995 1577 1024 1626 te
1054 1567 1096 1625 de

130 1658 188 1717 hac
211 1674 244 1716 re
267 1655 395 1717 scribere
414 1657 516 1734 pudet,
541 1677 579 1717 ne
602 1655 705 1716 videar
727 1655 904 1733 prudentiae
927 1665 996 1714 tuae
1018 1654 1064 1714 dil
1082 1687 1092 1698 ·

131 1745 224 1805 dere:
265 1764 324 1822 qua
347 1764 387 1818 re,
412 1745 437 1805 si
459 1747 517 1806 hoc
540 1765 634 1806 unum
657 1763 850 1822 proposuero,
871 1745 962 1803 finem
986 1743 1093 1804 faciam

131 1832 293 1895 scribendi.
340 1832 479 1894 Vidimus
502 1833 682 1912 aliquotiens
704 1835 880 1916 secundam
894 1833 1097 1911 pulcherrime

130 1933 160 1983 te
190 1924 267 1983 ferre
301 1925 450 1983 fortunam
484 1942 683 2001 magnamque
717 1942 755 1982 ex
782 1942 817 1982 ea
853 1942 885 1982 re
913 1933 943 1982 te
971 1924 1093 1982 laudem

131 2010 240 2090 apisci:
280 2014 326 2072 fac
341 2011 504 2090 aliquando
519 2012 726 2090 intellegamus
741 2013 897 2072 adversam
917 2029 1038 2088 quoque
1062 2022 1095 2071 te

131 2120 228 2180 aeque
251 2101 328 2161 ferre
351 2121 438 2179 posse
460 2121 559 2179 neque
582 2099 614 2162 id
644 2100 749 2174 maius,
774 2119 863 2178 quam
896 2102 1013 2175 debeat,
1038 2098 1094 2159 tibi

133 2209 209 2251 onus
233 2189 336 2264 videri,
361 2210 400 2251 ne
424 2209 461 2250 ex
491 2188 630 2251 omnibus
657 2189 813 2252 virtutibus
843 2191 918 2250 haec
948 2209 1008 2248 una
1038 2187 1095 2249 tibi

131 2277 268 2338 videatur
291 2279 404 2343 deesse.
451 2280 542 2355 Quod
570 2280 609 2339 ad
638 2298 688 2338 mc
718 2277 834 2349 attinet,
858 2297 927 2338 cnm
958 2287 987 2337 te
1018 2288 1094 2337 tran·

133 2367 271 2445 quilliore
294 2367 394 2428 animo
418 2387 482 2428 esse
505 2373 646 2445 cognoro,
671 2368 710 2427 de
740 2366 776 2426 iis
806 2369 905 2440 rebuS,
937 2386 1014 2444 quae
1045 2366 1098 2427 hic

133 2467 286 2534 geruntur,
312 2457 627 2534 quemadmodumque
649 2475 681 2516 se
710 2454 862 2533 provincia
890 2457 1008 2529 habeat,
1034 2473 1094 2516 cer·

133 2544 242 2636 tiorem
265 2545 381 2608 faciam.
428 2548 513 2607 Vale.

169 2807 268 2842 amor...
284 2793 374 2856 pietas.
388 2790 497 2842 Amore
514 2792 587 2858 quel·
641 2793 781 2843 dobbiamo
809 2793 902 2844 seruire
930 2789 957 2857 (a
986 2791 1016 2842 G.
1044 2792 1092 2842 Ce-

135 2863 279 2914 l'afsezione
298 2864 345 2913 che
363 2864 532 2928 professiamo
554 2863 586 2913 ad
640 2861 715 2928 sare),
730 2865 777 2914 che
791 2879 844 2913 non
858 2865 881 2914 ci
895 2861 909 2913 ὲ
922 2879 1051 2928 permesso
1065 2863 1093 2912 di

135 2934 192 2984 altri
205 2951 252 2999 per
264 2943 350 2985 nostro
364 2935 487 3001 impulso;
503 2936 586 2998 pietas
640 2935 830 2988 rammaricarci
849 2943 945 3000 quanto
961 2935 1096 2999 vogliamo

135 3005 256 3072 quellaa
281 3007 323 3055 cui
348 3006 412 3056 siam
438 3008 518 3057 tenuti
540 3024 587 3073 per
640 3006 708 3057 delle
727 3006 840 3073 presenti
858 3007 1003 3057 condizioni
1025 3005 1094 3071 poli·

134 3077 243 3142 obbligo
264 3077 370 3127 morale.
640 3078 715 3130 tiche.

170 3147 215 3196 hoc
228 3154 300 3197 certe.
311 3148 366 3198 Che
378 3155 404 3198 tu
418 3150 509 3215 aspetti
523 3164 583 3199 con·
676 3150 795 3198 aliorum.
815 3149 866 3198 Dei
885 3148 1025 3198 Cesariani.

134 3219 201 3270 forto
220 3219 264 3268 dal
282 3227 377 3284 tempo.
676 3235 761 3284 aeque.
788 3221 1004 3284 Costantemeute,
1024 3219 1096 3269 viril·

170 3290 230 3339 huic
251 3291 297 3340 rei.
325 3290 417 3341 Anche
445 3291 472 3341 in
495 3298 586 3356 questo
641 3299 736 3341 mente.
