2788 4326
471 381 619 422 EPISTULA
646 368 753 442 48·49.
1043 383 1082 440 49

114 504 274 584 dignitate,
296 520 358 583 ‘ope
381 505 515 567 omnium
541 526 639 567 rerum
663 506 707 567 uti
730 507 851 585 possim.
899 508 950 567 Ad
979 526 1086 584 propo·

116 595 210 656 situm
225 606 372 656 revertar:
407 595 589 658 festinationi
605 616 690 658 meae
707 597 904 674 brevitatique
921 596 1085 656 litterarum

115 687 278 763 ignosces;
315 683 431 762 reliqua
453 705 489 744 ex
516 685 627 745 Furnio
654 705 823 764 cognosces.

578 876 640 943 49.

273 1016 433 1075 crusna
458 1015 585 1087 oraro,
613 977 825 1076 conuiuio
850 1018 935 1080 sar..
970 1005 974 1014 ·

258 1151 269 1174 ἱ

169 1201 298 1262 Gaudeo
320 1202 491 1261 mehercule
505 1221 559 1260 vos
575 1200 741 1279 significare
756 1200 869 1273 litteris,
887 1221 978 1278 quam
998 1204 1086 1262 valde
1113 1219 1125 1257 r
1180 1181 1187 1200 ⁸

122 1288 261 1369 probetis
284 1308 327 1362 ea,
346 1309 422 1366 quae
437 1291 526 1368 apud·
541 1288 704 1350 Corfinium
722 1301 792 1350 sunt
814 1300 905 1367 gesta.
952 1290 1086 1352 Consilio

121 1390 224 1439 vestro
240 1389 306 1438 utar
327 1378 464 1452 libenter,
482 1389 512 1438 et
534 1382 593 1440 hoc
615 1379 765 1451 libentius,
783 1381 864 1456 quod
889 1399 956 1440 mea
979 1391 1086 1458 sponte

123 1469 223 1530 facere
240 1466 459 1539 constitueram,
478 1478 615 1544 utquam
630 1468 813 1528 lenissimum
831 1488 878 1527 me
899 1472 1084 1545 praeberem,

124 1571 156 1618 et
179 1556 358 1635 Pompeium
381 1558 483 1617 darem
499 1576 621 1634 operam
641 1568 675 1618 ut
697 1555 928 1617 reconciliarem.
976 1561 1086 1635 Temp-

123 1658 238 1720 temns,
274 1647 333 1706 hoc
369 1647 463 1706 modo
500 1645 525 1706 si
562 1651 710 1724 possimus
748 1645 883 1705 omnium
918 1649 1086 1706 voluntates

123 1754 302 1814 recuperare
336 1745 366 1794 et
396 1735 537 1795 diuturna
570 1734 692 1796 victoria
722 1734 775 1810 uti,
807 1734 949 1811 quoniam
979 1735 1086 1814 reliqui

124 1824 301 1885 crudelitate
325 1824 428 1884 odium
452 1827 580 1901 effugere
603 1845 665 1884 non
688 1836 851 1902 potuerunt
873 1844 972 1901 neque
994 1824 1085 1885 victo-

124 1914 200 1974 riam
231 1911 343 1972 diutius
374 1923 475 1972 tenere
506 1924 622 1990 praeter
652 1932 746 1973 unum
779 1915 811 1972 L.
841 1905 963 1987 Sullam,
996 1933 1086 1990 quem

124 2003 293 2063 imitaturus
316 2021 378 2062 nou
401 2019 484 2065 sum:
523 2004 599 2063 haee
622 2022 700 2062 nova
723 2002 761 2062 sit
783 2001 857 2062 ratio
879 2001 1028 2076 vincendi,
1054 2014 1087 2062 ut

124 2090 330 2153 misericordia
352 2100 382 2150 et
411 2089 586 2152 liberalitate
619 2112 674 2152 nos
705 2091 884 2151 muniamus.
936 2093 971 2150 ld
995 2111 1086 2169 quern

124 2173 164 2240 ad
194 2182 322 2242 modum
353 2179 416 2238 fieri
447 2179 548 2256 possit,
581 2201 642 2240 non
677 2184 758 2240 nulla
788 2180 861 2238 mihi
891 2180 923 2240 in
955 2191 1086 2240 mentem

125 2269 251 2330 veniunt
274 2277 305 2327 et
327 2270 420 2328 multa
442 2268 564 2345 reperiri
587 2280 721 2347 possunt.
769 2273 815 2329 De
839 2270 885 2328 his
900 2271 990 2329 rebus
1012 2289 1086 2347 rogo

125 2379 187 2429 vos,
214 2369 248 2417 nt
271 2357 480 2434 cogitationem
505 2357 678 2436 suscipiatis.
727 2361 766 2419 N.
783 2357 924 2435 Magium,
950 2357 1086 2436 Pompeii
1111 2393 1127 2432 2

124 2450 318 2526 praesectum,
337 2445 540 2524 deprehendi;
572 2447 685 2508 scilicet
700 2467 768 2508 meo
784 2446 919 2506 instituto
934 2466 1004 2505 usus
1020 2467 1085 2507 sum

124 2547 156 2596 et
178 2555 249 2616 eum
265 2535 362 2595 statim
386 2536 510 2595 missum
529 2535 595 2597 feci.
642 2539 704 2597 Iam
721 2537 783 2596 duo
806 2535 947 2615 praefecti
968 2537 1085 2596 fabrum

123 2730 147 2780 le
160 2731 263 2781 vittorie
276 2730 302 2778 di
315 2729 422 2791 Cilicia3
442 2729 576 2780 confronta
633 2731 693 2780 libri
712 2729 780 2779 della
799 2746 889 2794 guerra
908 2729 991 2787 civile,
1011 2745 1086 2794 presa

125 2803 175 2866 Ep·
196 2810 240 2864 54·
634 2802 660 2850 la
669 2799 731 2851 citra
751 2802 777 2850 di
790 2799 904 2850 Corfinio
924 2800 967 2849 nel
981 2801 1084 2858 Piceno,

159 2874 275 2920 oninium
293 2888 383 2921 rerum
396 2893 431 2912 =
450 2872 478 2919 in
497 2873 577 2920 omni·
634 2869 714 2922 lascid
727 2873 801 2922 liberi
814 2872 934 2922 Domizio
947 2872 1087 2921 Enobardo

125 2943 173 2992 bus
192 2939 279 2992 rebus!
635 2946 667 2993 ed
686 2945 743 2993 altri
750 2944 813 2994 suoi
832 2943 957 2992 avversari
976 2943 1085 3007 politici.

161 3014 216 3080 Ep.
236 3011 286 3066 49.
304 3015 443 3064 Dell'anno
463 3024 523 3078 705.
542 3015 578 3064 Di
670 3015 700 3064 L.
722 3015 829 3064 Sullam.
855 3015 935 3064 Vinto
954 3014 973 3061 il
991 3016 1086 3079 partito

125 3087 189 3137 Caio
210 3086 332 3137 Cornelio
353 3087 435 3138 Balbo
458 3087 480 3135 si
502 3085 516 3133 ὲ
535 3085 578 3150 gia
634 3087 761 3148 Mariano,
775 3086 839 3136 Silla
848 3083 895 3134 uso
905 3084 972 3134 della
982 3086 1085 3136 victoria

126 3157 188 3208 satta
207 3157 343 3207 menzione
361 3157 412 3206 alla
431 3157 523 3207 lettera
536 3169 578 3219 39.
634 3174 684 3207 con
692 3159 771 3207 molta
781 3156 894 3206 crudelt'a
904 3157 1086 3221 proscrivendo

126 3230 154 3279 C.
174 3229 263 3295 Oppio
277 3244 319 3278 era
333 3230 417 3278 amico
437 3229 463 3277 di
476 3228 578 3287 Cesare,
634 3245 668 3277 un
688 3245 751 3294 gran
770 3245 876 3278 numero
895 3229 921 3276 di
940 3227 1066 3278 cittadini.

126 3300 174 3349 ebe
195 3303 217 3350 si
236 3301 334 3350 serviva
356 3299 437 3350 molto
460 3300 487 3348 di
509 3300 578 3349 luie
670 3300 879 3363 2.N.Magium.
895 3299 1020 3349 Numerio
1030 3301 1086 3348 Ma·
1145 3353 1148 3365 Ι

126 3372 152 3420 di
171 3371 254 3421 Balbo
268 3371 337 3420 nelle
355 3387 400 3420 sue
415 3368 514 3436 private
527 3371 578 3419 fac·
632 3371 675 3435 gio
685 3367 730 3435 (da
740 3369 879 3432 Cremona)
890 3385 933 3419 era
939 3367 1087 3432 praefectus

125 3444 215 3492 cende.
242 3443 272 3491 In
292 3443 377 3492 antico
400 3444 508 3493 esisteva
527 3457 579 3490 una
624 3443 745 3506 fabrum,
764 3459 780 3492 o
799 3443 838 3491 sla
863 3457 929 3506 capo
948 3441 990 3490 del
1009 3442 1086 3506 genio

127 3513 238 3564 raccolta
256 3514 283 3562 di
302 3514 391 3564 lettere
411 3515 435 3562 di
456 3514 578 3564 Cesarea
615 3513 744 3570 ,militare
763 3514 789 3562 di
809 3517 932 3578 Pompeo.
953 3514 1046 3563 Cesare
1059 3513 1085 3562 lo

25 3591 26 3608 ¹
128 3581 208 3635 Balbo
227 3587 260 3635 ed
279 3586 374 3650 Oppio.
636 3581 731 3634 mando
750 3588 906 3648 aPompeo,
929 3584 1016 3634 chesi
1036 3593 1085 3634 tro-

166 3668 188 3710 1,
216 3657 288 3720 apud
318 3655 470 3720 Corfinium.
498 3655 581 3706 Come
635 3673 699 3705 vara
718 3655 744 3705 iu
763 3656 883 3717 Brindisi,
902 3664 1086 3721 conproposte

128 3726 221 3778 Cesare
245 3735 326 3778 stesso
354 3743 428 3778 narra
455 3727 496 3776 ue'
524 3726 581 3777 suoi
636 3728 662 3776 di
681 3742 751 3793 pace.

979 3865 997 3915 4
