2788 4326
431 353 434 360 -
493 336 641 378 rrrsruna
667 335 683 398 5
689 323 721 394 3ss
1044 337 1082 398 57

122 483 196 527 cum
213 461 273 523 vita
288 463 493 523 commutare?
530 460 613 538 Quid
629 471 729 522 autem
746 459 810 534 fuit,
828 461 910 538 quod
931 461 1011 522 illam
1027 463 1087 522 hoc

124 563 262 630 tempore
285 553 325 612 ad
357 551 518 612 vivendum
549 571 659 628 magno
693 570 783 628 opere
807 549 932 611 invitare
962 553 1088 628 posset?

124 645 214 720 Quae
229 644 295 702 res?
327 643 413 717 Quae
429 643 516 719 spes?
551 641 644 716 Quod
659 638 751 700 animi
763 639 926 700 solacium?
957 643 1000 701 Ut
1017 659 1086 700 cum

121 732 230 808 aliquo
246 732 437 791 adulescente
459 729 600 808 primario
617 729 777 791 coniuncta
799 739 927 789 aetatem
950 731 1084 807 gereret?

125 821 256 882 Licitum
281 831 326 879 est
353 819 417 894 tibi,
442 821 542 894 credo,
571 838 626 896 pro
655 829 707 878 tua
729 817 875 895 dignitate
898 839 936 878 ex
964 820 1020 879 hac
1043 818 1087 876 iu-

122 919 249 971 ventute
264 928 408 988 generum
424 908 564 986 deligere,
581 907 665 967 cuius
680 907 751 967 fidei
766 907 875 967 liberos
891 918 959 968 tuos
974 917 1004 967 te
1021 917 1087 968 tuto

124 998 314 1061 committere
337 997 476 1076 putaresl
518 1001 567 1057 An
583 1006 616 1056 ut
631 1016 667 1056 ea
688 996 800 1057 liberos
820 1016 856 1056 ex
878 1016 943 1057 sese
959 1001 1084 1074 pareret,

122 1107 291 1166 quoscum
314 1089 453 1147 florentes
468 1087 591 1159 videret,
614 1087 792 1146 laetaretur?
838 1086 898 1162 Qui
921 1107 983 1146 rem
1000 1106 1018 1145 a
1036 1105 1087 1163 pa·

125 1188 213 1238 rente
225 1176 362 1237 traditam
375 1197 429 1254 per
441 1196 472 1236 se
487 1188 589 1235 tenere
601 1176 744 1252 possent?
770 1177 911 1235 Honores
927 1174 1088 1235 ordinatim

125 1265 250 1346 petituri
273 1267 396 1325 essent?
441 1269 475 1324 In
499 1285 531 1324 re
555 1263 684 1342 publica,
709 1263 740 1322 in
768 1264 932 1325 amicorum
960 1264 1088 1341 negotiis

125 1356 265 1416 libertate
288 1375 341 1415 sua
356 1353 459 1414 usuri?
496 1354 578 1429 Quid
601 1355 708 1413 horum
724 1351 787 1425 fuit,
806 1355 889 1430 quod
912 1373 974 1413 non
995 1351 1086 1431 prius,

121 1465 218 1522 quam
242 1445 345 1503 datum
370 1455 422 1516 est,
448 1445 624 1521 ademptum
648 1441 709 1502 sit?
747 1447 805 1501 ‘At
827 1462 898 1502 vero
913 1444 1025 1502 malum
1043 1455 1089 1502 est

125 1534 238 1594 liberos
260 1533 416 1592 amittere!
467 1535 603 1607 Malum;
651 1531 706 1591 nisi
736 1534 794 1592 hoc
827 1530 911 1608 peius
935 1541 986 1604 est,
1013 1533 1088 1592 haec

121 1625 248 1683 sufferre
264 1634 294 1682 et
313 1621 438 1700 perpeti,
478 1623 563 1697 Quae
579 1642 626 1682 res
642 1619 716 1680 mihi
739 1640 801 1680 non
818 1619 1000 1680 mediocrem
1018 1640 1086 1681 cou-
1112 1639 1132 1692 4

123 1710 304 1772 solationem
328 1711 434 1784 attulit,
452 1713 523 1769 volo
546 1710 601 1770 tibi
625 1729 869 1782 commemorare,
893 1709 916 1768 sl
940 1711 1015 1768 forte
1040 1729 1087 1768 ea·

123 1804 198 1861 dem
214 1820 262 1860 res
276 1799 331 1860 tibi
347 1801 481 1860 dolorem
504 1799 636 1859 minuere
660 1798 763 1876 possit.
810 1802 855 1858 Ex
871 1797 942 1858 Asia
958 1797 1087 1871 rediens,

125 1911 197 1954 cum
220 1891 258 1949 ab
282 1894 398 1966 Aegina
422 1892 574 1966 Megaram
597 1907 699 1948 versus
727 1887 908 1965 navigarem,
935 1886 1021 1965 coepi
1045 1907 1090 1946 re·

122 1981 233 2057 giones
257 1978 448 2039 circumcirca
470 1978 650 2056 prospicite.
705 1981 777 2037 Post
799 1998 848 2037 me
877 1987 939 2036 erat
962 1981 1088 2054 Aegina,

123 2078 198 2128 ante
221 2087 270 2127 me
298 2071 429 2145 Megara,
460 2071 564 2127 dextra
594 2067 721 2139 Piraeus,
757 2067 873 2126 sinistra
904 2065 1089 2139 Corinthus;

126 2177 206 2234 quae
240 2157 352 2234 oppida
386 2158 517 2234 quodam
547 2166 682 2234 ternpore
717 2154 925 2215 florentissima
959 2157 1088 2226 fuerunt,

125 2266 210 2306 nunc
236 2256 381 2323 prostrata
412 2257 442 2306 et
472 2245 569 2306 diruta
600 2255 669 2304 ante
701 2247 805 2304 oculos
834 2245 942 2304 iacent.
993 2241 1089 2320 Coepi

125 2476 184 2526 Che
203 2491 256 2524 non
276 2476 370 2524 ebbero
389 2476 497 2540 peggior
513 2482 581 2524 sorte

127 2549 155 2596 di
176 2547 233 2596 tutti
253 2547 349 2605 coloro,
369 2547 376 2595 i
397 2548 466 2611 quali
486 2561 538 2596 ecc.

164 2619 220 2666 sine
245 2618 330 2666 dolore
355 2633 406 2666 ecc.
433 2617 528 2668 Morire
556 2619 582 2666 di

128 2696 211 2739 morte
225 2689 348 2749 naturale,
363 2690 455 2738 morire
466 2689 508 2738 nel
523 2705 581 2754 pro·

129 2762 186 2827 prio
205 2760 277 2816 letto.

166 2833 277 2880 Licitum
297 2837 335 2880 est
351 2847 403 2880 ecc.
424 2831 517 2880 ironia.

165 2918 197 2950 ex
207 2903 253 2951 hac
261 2904 398 2952 iuventute.
406 2903 583 2952 Dallodierna

126 2973 252 3040 gioventir
268 2973 350 3038 (nella
362 2974 438 3038 quale
451 2974 517 3023 c'era
533 2976 582 3023 ben

129 3061 197 3112 poco
212 3047 237 3094 di
252 3041 358 3108 buono).
377 3046 446 3094 Nota
459 3045 582 3095 l'astratto

129 3117 172 3181 pel
192 3127 320 3177 concreto,
339 3132 354 3165 e
369 3117 463 3165 avverti
477 3117 524 3166 che
537 3118 584 3164 hac

126 3189 151 3238 si
175 3188 228 3254 pud
254 3188 374 3237 risolvere
399 3188 442 3236 nel
468 3189 583 3251 genitivo

129 3260 209 3308 huius
227 3267 431 3324 accompagnato
451 3260 492 3308 dal
511 3261 583 3324 geni·

122 3329 183 3386 nivo
203 3331 263 3380 d’urr
282 3331 431 3389 costantivo,
448 3331 495 3380 che
515 3331 585 3379 sacil-

129 3410 217 3451 mente
245 3402 367 3451 ricaverai
393 3402 461 3450 dalla
485 3403 585 3467 spiege-

128 3473 204 3522 2ione
223 3473 270 3522 che
289 3473 406 3538 precede.

151 3543 241 3592 liberas
268 3551 332 3594 tuas.
361 3543 384 3592 Il
414 3543 513 3609 plurale
541 3543 584 3608 pel

130 3615 268 3680 singulare,
297 3617 323 3665 in
351 3631 426 3664 senso
454 3617 583 3680 generico,

131 3701 207 3735 come
226 3687 287 3738 noi:
311 3688 336 3738 le
356 3697 398 3738 tue
417 3693 538 3750 creature,
565 3687 584 3735 il

636 2482 679 2523 tuo
707 2490 812 2538 sangae,
842 2481 1008 2538 quantunque
1036 2489 1090 2522 non

636 2546 723 2595 alluda
741 2546 788 2594 che
808 2545 859 2593 alla
877 2545 933 2594 sola
953 2544 1049 2594 Tullia.

671 2632 733 2665 rem.
761 2613 893 2667 L'eredit?
919 2616 1052 2666 materiale
1076 2633 1091 2666 e

636 2691 755 2744 morale„

666 2766 716 2822 per
734 2774 760 2807 se
777 2778 813 2798 =
831 2775 880 2807 sua
898 2759 1037 2812 industria.

672 2831 818 2880 ordinatim.
839 2832 957 2881 Secundo
983 2830 991 2878 i
1017 2830 1090 2894 gradi

636 2902 743 2952 stabiliti
763 2902 831 2951 dalle
850 2899 928 2966 le'ggi.

674 2973 812 3022 libertate...
833 2975 927 3021 usuri)
945 2972 986 3022 Sc.
1001 2979 1090 3020 essent.

636 3045 769 3096 Allusione
788 3061 873 3092 amara
898 3043 948 3091 alla
975 3043 1091 3096 domina·

636 3117 711 3165 zione
730 3115 842 3164 assoluta
861 3115 887 3164 di
906 3115 1008 3165 Cesare.

672 3202 697 3250 4.
717 3187 830 3248 regiones
848 3188 909 3236 circ.
929 3185 958 3234 L'
971 3185 1090 3234 avverbio

637 3259 690 3308 tien
709 3258 788 3322 luogo
801 3257 861 3306 d¹un
874 3257 1013 3322 aggettivo.
1027 3255 1091 3306 Gre-

642 3331 731 3379 cismo.

675 3401 793 3462 Megara.
813 3400 864 3450 Era
886 3407 951 3448 stata
975 3399 1095 3448 distrutta

640 3473 747 3521 durante
766 3471 791 3519 la
810 3486 900 3534 guerra
919 3469 1093 3527 Mitridatica;

641 3543 739 3606 Aegina
763 3541 835 3606 quasi
865 3549 1094 3603 contemporanea-

639 3622 725 3664 mente
738 3615 797 3663 data
809 3613 859 3661 alle
873 3613 975 3662 fiarrrme
985 3612 1028 3660 dai
1038 3627 1095 3660 cor·

639 3687 706 3744 sari;
720 3685 739 3734 il
752 3685 827 3735 Pireo
841 3701 883 3734 era
896 3692 962 3734 stato
976 3683 1096 3733 distrutto
