2788 4326
487 354 635 430 mussona
662 341 767 416 4⁶·47·
1065 355 1108 416 45

147 481 229 542 enim
254 491 284 541 et
307 500 425 545 mecum
448 483 565 542 locutus
589 492 633 541 est
655 480 836 544 suavissime.
884 483 940 554 Tu,
966 480 1106 558 quoniam

99 596 104 645 ς,
146 589 185 630 eo
201 581 337 648 tempore
361 559 478 631 medum
502 589 565 630 esse
589 591 651 631 non
674 570 804 650 potuisti,
822 589 881 647 quo
905 591 961 648 ego
978 570 1107 630 maxime

100 660 106 689 ”·
146 679 270 737 operam
301 670 331 718 et
361 659 534 719 fidelitatem
564 659 730 721 desideravi
760 671 851 734 tuam,
884 679 955 720 cave
986 661 1111 719 festines

102 740 103 763 ³
145 758 197 808 aut
220 748 397 822 committas,
423 759 456 807 ut
478 759 529 808 aut
551 769 639 826 aeger
662 760 712 809 aut
727 748 825 808 bidme
842 749 982 826 naviges:
1023 767 1107 807 num·

102 848 107 899 ξ
146 857 237 914 quam
260 857 326 897 sero
350 848 380 897 te
395 835 511 898 venisse
528 842 649 916 putab0,
667 839 691 898 si
707 841 805 898 salvus
824 839 948 900 veneris.
997 839 1111 898 Adhuc

106 966 108 989 ;
145 925 299 986 neminem
323 926 465 1001 videram,
482 926 534 1003 qui
557 938 586 987 te
610 937 714 1005 postea
729 926 860 1001 vidisset,
877 947 968 1003 quam
985 929 1028 986 M.
1045 929 1106 985 Vo-

17 1010 76 1091 {5⁷}ss
145 1015 247 1082 lusius,
272 1036 290 1075 a
313 1035 374 1092 quo
397 1026 461 1075 tuas
483 1016 595 1081 litteras
617 1015 736 1094 accepi;
776 1018 860 1092 quod
882 1036 944 1075 non
960 1014 1107 1074 mirabar:

146 1123 244 1182 neque
269 1104 349 1164 enim
372 1123 454 1163 meas
476 1115 549 1182 puto
573 1107 612 1164 ad
635 1116 664 1165 te
687 1105 798 1165 litteras
821 1115 904 1165 tanta
927 1105 1026 1164 hieme
1043 1123 1106 1181 per·

18 1184 59 1277 ff
103 1223 112 1243 υ
146 1193 224 1253 ferri.
272 1194 331 1254 Sed
355 1195 394 1253 da
417 1211 549 1271 operam,
573 1205 606 1253 ut
628 1196 734 1266 valeas
766 1203 804 1267 et,
837 1193 861 1254 si
891 1193 1011 1266 valebis,
1038 1213 1106 1253 cum

30 1292 54 1333 :13
67 1282 69 1285 ’
84 1282 105 1349 ζ’
132 1293 225 1342 recte
249 1282 380 1360 navigari
403 1282 520 1360 poterit,
545 1293 609 1342 tum
640 1283 768 1360 naviges.
825 1282 929 1343 Cicero
960 1301 1044 1342 meus
1074 1281 1109 1341 in

77 1374 83 1435 ξ
100 1388 103 1449 3
144 1371 312 1431 Formiano·
328 1382 399 1445 erat,
424 1371 566 1431 Terentia
588 1383 618 1432 et
641 1372 740 1431 Tullia
772 1375 897 1432 Romae.
952 1372 1039 1445 Cura,
1073 1381 1110 1430 ut

144 1463 254 1521 valeas.
301 1477 339 1520 rv.
365 1461 518 1520 Kalendas
541 1463 628 1522 Febr.
653 1463 766 1538 Capua.

599 1670 661 1736 lt..

227 1799 378 1860 CICERO
400 1799 434 1864 F.
458 1799 605 1858 TIRONI
628 1800 707 1861 SUO
730 1799 977 1860 DULCISSIMO
1002 1801 1031 1860 S.

193 1994 271 2053 Cum
292 1995 485 2054 vehementer
501 1991 668 2053 tabellarios
692 2003 894 2070 exspectarem
910 1990 1050 2069 quotidie,
1076 2013 1104 2052 a·
1132 2014 1147 2053 r

146 2079 293 2158 liquando
316 2093 464 2142 venerunt
479 2092 546 2161 post
569 2081 649 2142 diem
672 2099 723 2142 xr..
748 2091 778 2140 et
800 2099 840 2142 vr.
864 2102 954 2159 quarn
977 2103 994 2140 a
1018 2081 1105 2142 vobis

145 2169 344 2231 discesserant
356 2189 363 2246 ;
403 2191 530 2248 quorum
554 2170 628 2242 mihi
650 2170 705 2230 fuit
728 2173 873 2230 adventus
889 2169 1102 2248 optatissimus·

146 2260 236 2331 Nam,
254 2279 322 2320 cum
338 2259 497 2320 maximam
515 2260 660 2337 cepissem
683 2259 824 2319 laetitiam
841 2279 878 2318 ex
900 2259 1103 2319 humanissimi

146 2358 177 2406 et
200 2347 343 2410 carissimi
364 2348 455 2427 patris
471 2348 604 2426 epistula,
622 2358 686 2408 tum
703 2367 773 2408 vero
789 2347 1018 2409 iucundissimae
1035 2359 1104 2408 tuae

144 2435 260 2497 litterae
283 2441 436 2498 cumulum
459 2437 533 2496 mihi
562 2436 662 2514 gaudii
692 2439 863 2498 attulerunt.
918 2440 1022 2514 ltaque
1055 2457 1104 2498 me

145 2525 204 2584 iarn
236 2547 298 2586 non
324 2526 495 2604 paenitebat
525 2526 779 2602 intercapedinem
813 2525 962 2586 scribendi
988 2525 1107 2600 fecisse,

146 2615 199 2673 sed
215 2617 314 2693 potius
330 2618 477 2676 laetabar:
517 2617 643 2675 fructum
660 2614 739 2674 enim
755 2635 895 2691 magnum
911 2615 1104 2674 humanitatis

145 2712 214 2762 tuae
238 2703 393 2782 capiebam
416 2725 453 2764 ex
475 2703 593 2765 silentio
621 2723 754 2763 mearum
784 2704 958 2764 litterarum.
1007 2705 1105 2764 Vehe-

28 2838 76 2877 ,„„4
144 2803 261 2853 menter
276 2792 364 2872 igitur
379 2794 496 2871 gaudeo
512 2805 541 2854 te
558 2813 655 2853 meam
673 2793 736 2852 sine
752 2792 937 2853 dubitatione
953 2792 1108 2870 accepisse·

70 3048 75 3111 Ϊ
144 3059 246 3117 carico;
266 3075 307 3107 me
326 3059 352 3107 lo
371 3057 490 3121 promise.
505 3057 540 3108 Cf
551 3093 557 3106 .
569 3057 595 3106 la
649 3056 714 3119 vole,
729 3073 771 3104 ma
790 3058 833 3121 poi
847 3073 874 3106 se
887 3073 919 3105 ne
936 3053 1015 3121 pentl,
1029 3071 1120 3106 come-

18 3112 19 3137 ³
143 3138 206 3180 nota
225 3125 326 3194 all'Ep.
348 3139 390 3176 21.
651 3129 708 3177 dice
727 3128 808 3177 anche
827 3128 896 3177 nella
909 3137 1025 3193 presente
1040 3129 1102 3192 Epi·

181 3199 235 3267 llp.
256 3196 303 3251 47.
324 3202 365 3248 Da
387 3201 477 3260 Arene,
497 3199 513 3247 1¹
528 3215 596 3248 anno
649 3201 722 3249 stola.

17 3232 19 3237 ¹
50 3226 73 3251 ’,3

144 3283 204 3335 710.
224 3272 246 3321 Il
266 3272 375 3336 giovane
397 3273 485 3321 Marco
507 3271 595 3321 Tullio
689 3283 711 3320 1.
728 3269 787 3320 XL.
802 3277 826 3317 et
845 3270 890 3319 VI.
909 3290 944 3310 =
961 3270 1106 3334 quadrage-

15 3342 17 3347 ⁴
63 3364 64 3367 ’
143 3342 270 3395 Cicerone
289 3340 389 3406 (Cicero
401 3339 488 3406 filius)
510 3359 594 3401 aveva,
650 3343 742 3394 simum
753 3349 777 3389 et
788 3349 885 3391 sextum
896 3341 1102 3406 :quarantasei

143 3417 246 3482 quando
265 3415 354 3465 scrisse
372 3423 461 3479 questa
478 3415 596 3464 letteraa
649 3412 735 3476 giorni
760 3413 836 3478 dopo,
857 3413 1061 3478 probabilmente
1088 3429 1103 3460 a

64 3498 73 3547 2
142 3488 248 3544 Tirone,
269 3498 298 3534 21
327 3487 395 3543 anni,
422 3502 436 3535 e
461 3486 596 3534 attendeva
650 3484 758 3548 cagione
778 3485 819 3534 del
839 3485 890 3532 mal
910 3494 1004 3548 tempo.

17 3570 40 3619 ς’
142 3559 170 3607 in
190 3559 272 3607 Atene
292 3575 306 3606 a
326 3556 505 3622 perlezionarsi
525 3557 595 3620 negli
682 3555 798 3609 fructum
817 3556 883 3603 enim
902 3571 955 3604 ecc.
968 3548 1064 3605 Poicht
1084 3553 1103 3602 il

142 3631 218 3679 studi.
251 3629 280 3676 ln
311 3629 375 3678 sulle
406 3628 488 3693 prime
520 3635 595 3676 tenne
650 3626 703 3676 mio
722 3627 828 3677 silenzio
843 3627 877 3675 mi
897 3623 974 3677 fruttb
993 3642 1044 3676 una
1059 3632 1105 3674 tua

64 3714 70 3773 j
141 3717 194 3750 una
214 3701 335 3750 condutta
354 3715 406 3749 non
420 3707 511 3764 troppo
525 3699 595 3748 lode-
650 3700 820 3748 cortesissimu
839 3699 934 3748 lettera.
