2788 4326
461 381 609 425 rrrsrotr
636 386 732 438 22·24
1039 384 1074 441 17

117 507 160 568 mi
182 507 334 581 Cornifiei,
360 507 459 582 facies
486 509 649 586 ceterisque
672 511 761 570 rebus
784 509 922 570 omuibus
950 509 1013 570 eius
1036 511 1078 571 di·

118 596 222 674 gnitati
237 597 350 672 reique,
377 597 465 656 sime
488 617 575 667 amas
603 601 749 661 consules.
791 599 855 658 Erit
878 600 909 658 id
925 598 999 661 mihi
1015 621 1077 679 gra·

117 685 273 750 tissimum.
321 688 369 746 Da
392 705 522 765 operam,
547 697 582 746 ut
603 688 712 748 valeas.

570 897 632 964 23.

364 1042 518 1102 CICERO
541 1041 778 1102 CORNIFICIO
802 1045 831 1103 S.

164 1239 231 1299 Sex.
265 1236 407 1298 AufidIus'
426 1250 457 1298 et
478 1237 675 1311 observantia,
700 1257 758 1314 qua
781 1257 829 1296 me
854 1239 932 1312 colit,
961 1240 1077 1300 accedit

113 1329 154 1386 ad
180 1326 340 1405 proximos,
367 1337 397 1387 et
420 1329 578 1404 splendore
605 1325 697 1403 equiti
721 1331 859 1386 Romano
890 1329 1002 1387 nemini
1030 1349 1076 1390 ce·

115 1416 182 1490 dit;
223 1428 268 1476 est
289 1426 387 1476 autem
413 1415 453 1475 ita
482 1416 654 1494 temperatis
685 1415 903 1492 moderatisque
932 1417 1074 1491 moribus,

114 1517 148 1568 ut
173 1525 289 1564 summa
312 1505 451 1565 severitas
473 1525 589 1565 summa
611 1525 679 1566 cum
703 1504 887 1564 humanitate
917 1505 1074 1583 iungatur:

113 1594 200 1654 cuius
223 1593 276 1653 tibi
300 1594 427 1672 negotia,
452 1604 612 1672 quaesunt
634 1593 665 1653 in
688 1592 796 1664 Africa,
821 1593 861 1656 ita
885 1585 1074 1669 dommendO,

113 1695 147 1742 ut
172 1683 285 1743 maiore
309 1683 408 1742 studio
432 1682 562 1761 magisve
592 1681 750 1742 exanimo
777 1685 986 1744 commendare
1014 1704 1076 1743 non

113 1771 238 1850 possim.
277 1775 449 1849 Pergratum
473 1772 546 1832 mihi
562 1771 674 1846 feceris,
700 1771 723 1831 si
746 1771 864 1831 dederis
887 1791 1018 1849 operam,
1043 1783 1076 1831 ut

112 1862 140 1920 is
174 1861 327 1938 intellegat
353 1881 434 1921 meas
463 1853 545 1939 'apud
568 1873 598 1920 te
629 1861 740 1920 litteras
769 1859 930 1920 maximum
957 1862 1075 1938 pondus

111 1950 266 2012 habuisse.
312 1953 382 2012 Hoc
405 1961 434 2011 te
457 1953 657 2023 vehementer,
683 1950 724 2009 mi
748 1949 900 2023 Coruiflci,
924 1970 1006 2028 rogo.

568 2159 629 2226 24.

202 2290 354 2369 CICERO
377 2308 407 2366 s
431 2309 470 2366 o.
496 2305 734 2366 corumrcro
758 2307 983 2368 corrasus.

162 2505 255 2562 Grata
270 2499 343 2561 mihi
358 2503 552 2562 vehementer
568 2512 612 2561 est
627 2501 771 2561 memoria
788 2501 881 2562 nostri
900 2513 958 2573 tua,
984 2522 1074 2578 quam
1102 2521 1114 2559 1

113 2589 288 2669 significasti
309 2589 434 2666 litteris;
471 2610 558 2668 quam
576 2601 609 2650 ut
625 2611 791 2664 conserves
816 2612 879 2652 non
894 2611 954 2668 quo
970 2592 1008 2651 de
1024 2601 1075 2651 tua

108 2679 283 2742 constantia
298 2678 443 2753 dubitem,
469 2681 521 2739 sed
539 2679 609 2756 quia
624 2699 690 2739 mos
708 2691 753 2740 est
771 2680 811 2740 ita
833 2680 966 2758 rogandi,
991 2699 1074 2758 rogo.

113 2772 162 2828 Ex
187 2769 270 2846 Syria
293 2767 381 2827 nobis
404 2768 631 2828 tumultuosiora
662 2770 807 2846 quaedam
835 2768 968 2829 nuntiata
994 2781 1072 2842 sunt,

111 2877 203 2936 quae,
229 2857 299 2934 quia
314 2856 369 2916 tibi
384 2868 454 2917 sunt
469 2855 608 2935 propiora
624 2877 712 2934 quam
729 2858 825 2930 nobis,
850 2869 901 2918 tua
916 2879 964 2918 me
987 2877 1075 2919 causa

151 3085 208 3152 Ep·
228 3083 276 3139 23.
296 3087 440 3137 Dell'anno
460 3097 519 3148 710.
658 3084 713 3153 Ep.
733 3083 781 3138 24.
801 3087 868 3136 Dell'
881 3102 948 3135 anno
969 3083 1028 3146 708.

150 3162 298 3224 temperatis
310 3160 500 3222 moderatisque.
516 3161 567 3208 En·
661 3159 778 3222 Collegae.
820 3159 906 3207 Erano
948 3160 1073 3206 amendue

110 3232 186 3282 diadi
201 3230 227 3278 dl
240 3233 318 3292 verbi¹
339 3230 406 3280 ossia
419 3247 465 3279 uso
478 3231 504 3278 di
518 3232 567 3280 due
622 3231 730 3279 membri
748 3229 790 3280 del
809 3228 919 3294 collegio
942 3228 1011 3292 degli
1030 3231 1073 3276 du·

109 3302 186 3352 verbi
196 3303 319 3352 sluonimi
329 3300 354 3350 lt
368 3303 433 3350 dove
443 3303 469 3349 in
479 3302 568 3366 lingua
622 3301 686 3366 goti·
1153 3363 1155 3368 ι

108 3383 201 3424 nostra
227 3374 248 3420 si
270 3373 406 3438 preterisce
431 3389 465 3421 un
490 3375 567 3423 verbo
661 3385 682 3424 1.
703 3372 746 3419 Ex
764 3371 841 3435 Syria
859 3373 990 3420 nablum.
1010 3371 1072 3418 Itu·

105 3446 142 3495 ed
157 3461 192 3494 un
210 3445 337 3493 avverbio.
358 3445 409 3507 Qui
429 3445 454 3492 di
475 3441 567 3493 ‘cauit-
622 3443 696 3492 multi
715 3443 828 3492 suscitati
848 3442 874 3490 in
891 3443 956 3492 Siria
975 3442 1007 3490 da
1024 3442 1072 3490 Ce-

103 3527 164 3567 tere
186 3513 241 3565 cosi
261 3517 311 3564 ben
331 3515 482 3580 temperato'
504 3516 567 3564 osi·
622 3516 684 3565 cilio
703 3517 789 3576 Basso,
809 3514 851 3563 dei
864 3513 933 3578 quali
947 3514 1037 3564 Cesare
1051 3512 1072 3560 si

102 3589 172 3638 mile
193 3587 267 3635 irase.
622 3582 769 3651 impensierl
780 3586 868 3635 molto.
882 3585 960 3633 Basso
973 3600 1016 3633 era
1029 3599 1072 3648 ap·

143 3659 278 3711 severitus.
299 3656 410 3706 Gravitb.
623 3657 746 3723 poggiato
765 3657 836 3722 dagli
855 3656 942 3714 Arabi.

142 3730 303 3778 humanitas.
322 3729 446 3780 Cortesia.
652 3729 786 3792 propiora.
808 3727 946 3778 Cornificio
960 3733 1031 3778 stava
1046 3726 1069 3774 al

932 3865 947 3902 2
