2788 4326
338 333 486 378 nmsrute
510 335 553 376 no
577 333 606 385 Q.
633 335 659 378 r.
705 335 774 378 cnr.
800 339 828 395 3.
1026 321 1064 377 81
1101 326 1104 331 ’

73 482 80 490 ,
164 459 223 519 His
244 468 344 520 autem
367 458 398 519 in
420 462 509 520 rebus
531 459 589 520 iam
612 469 641 520 te
665 480 734 520 usus
756 459 820 538 ipse
850 461 983 538 profecto
1007 480 1070 520 eru·

120 548 197 608 divit
219 567 406 625 nequaquam
429 548 500 609 satis
529 568 591 609 esse
621 549 718 627 ipsum
740 550 792 609 has
823 558 852 608 te
882 551 992 610 habere
1015 548 1070 608 virss

119 647 210 712 tutes,
234 639 288 698 sed
311 656 375 698 esse
398 636 696 716 circumspiciendum
719 637 883 715 diligenter,
907 648 940 697 ut
962 637 993 697 in
1016 640 1073 699 hac

120 724 258 787 custodia
280 725 449 804 provinciae
472 747 534 787 non
557 737 587 786 te
610 746 712 800 unum,
729 729 782 786 sed
798 745 902 787 omnes
924 725 1073 786 ministros

119 813 239 892 imperii
260 815 304 874 tui
326 814 412 876 sociis
441 826 471 874 et
493 815 607 876 civibus
637 826 667 876 et
693 815 735 875 rei
765 816 901 894 publicae
925 826 1072 893 praestare

119 904 251 966 videare.
298 905 486 981 Quamquam
513 906 624 982 legatos
653 906 746 964 habes
776 924 836 978 eos,
860 902 911 982 qui
941 903 997 982 ipsi
1019 924 1073 982 per

122 1012 156 1052 se
178 990 308 1053 habituri
327 991 385 1052 sint
407 992 552 1053 rationem
576 993 727 1071 dignitatis
742 1013 820 1066 suae,
838 995 876 1053 de
892 993 999 1071 quibus
1021 994 1073 1053 ho-

122 1100 197 1141 nore
221 1090 251 1140 et
273 1080 415 1158 dignitate
438 1092 469 1142 et
492 1093 587 1142 aetate
610 1093 738 1160 praestat
758 1084 888 1155 TubEro,
910 1101 1000 1158 quem
1017 1100 1073 1160 ego

123 1169 259 1243 arbitror,
273 1168 446 1248 praesertim
458 1188 526 1230 cum
541 1171 649 1234 scribat
664 1169 824 1244 historiam,
838 1172 947 1230 multos
962 1191 999 1230 ex
1015 1171 1074 1231 suis

122 1257 281 1318 annalibus
311 1278 399 1336 posse
421 1257 560 1336 deligere,
586 1278 660 1337 quos
683 1258 754 1318 velit
776 1269 805 1318 et
835 1259 928 1336 possit
956 1258 1072 1332 imitari,

123 1346 261 1406 Allienus
282 1357 382 1408 autern
410 1359 511 1407 noster
533 1357 578 1407 est
600 1368 669 1408 cum
691 1347 791 1408 animo
815 1358 844 1407 et
866 1348 1075 1408 benevolentia

123 1447 188 1495 tum
211 1454 282 1496 vero
305 1435 393 1496 etiam
417 1435 580 1497 imitatione
596 1436 725 1498 vivendi.
772 1438 849 1495 Nam
870 1436 941 1513 quid
965 1456 1021 1514 ego
1036 1438 1075 1497 de

124 1523 261 1585 Gratidio
284 1523 391 1599 dicam,
416 1544 505 1602 quem
528 1537 609 1586 certo
625 1525 686 1587 scio
708 1524 749 1584 ita
771 1517 905 1584 laborare
920 1527 958 1584 de
979 1525 1074 1585 existi·

124 1612 256 1672 matione
272 1632 333 1686 sna,
347 1624 380 1673 ut
395 1623 517 1692 propter
531 1634 663 1674 amorem
686 1612 717 1674 in
740 1634 794 1674 nos
810 1616 969 1673 fraternum
987 1613 1075 1673 etiam

124 1702 164 1761 de
187 1711 289 1761 nostra
302 1703 438 1763 laboret?
483 1704 678 1778 Quaestorem
694 1704 786 1763 habes
808 1722 870 1761 non
893 1712 944 1762 tuo
966 1701 1075 1762 iudicio

125 1791 285 1863 delectum,
310 1791 363 1850 sed
386 1809 464 1866 eum,
488 1810 578 1868 quem
605 1811 668 1852 sors
698 1791 801 1852 dedit:
847 1793 928 1851 hunc
958 1801 1075 1868 oportet

125 1888 157 1938 et
179 1897 232 1938 sna
248 1888 354 1956 sponte
370 1899 433 1940 esse
456 1882 643 1940 moderatum
660 1890 690 1940 et
711 1880 768 1941 tuis
789 1879 930 1940 institutis
945 1901 980 1940 ac
995 1899 1077 1958 prae·

125 1967 223 2044 ceptis
245 1969 461 2045 obtemperare.
509 1971 645 2044 Quorum
661 1969 685 2029 si
707 1969 773 2046 quis
796 1971 870 2031 forte
885 1979 962 2028 esset
984 1969 1076 2028 sordi-

127 2055 202 2130 dior,
219 2057 310 2116 ferres
326 2059 457 2131 eatenus,
477 2059 576 2135 quoad
599 2077 653 2135 per
674 2077 707 2118 se
728 2059 899 2136 neglegeret
914 2077 963 2117 eas
985 2062 1075 2136 leges,

126 2143 236 2220 quibus
250 2154 327 2205 esset
348 2145 514 2220 adstrictus
530 2167 592 2207 non
608 2157 641 2206 ut
663 2157 867 2224 estpotestate,
884 2166 973 2222 quam
989 2157 1021 2206 tu
1037 2147 1076 2206 ad

124 2232 301 2311 dignitatem
326 2233 515 2312 permisisses,
540 2237 577 2295 ad
602 2245 757 2313 quaestum
780 2244 919 2294 uteretur.
970 2237 1077 2311 Neque

1099 505 1136 574 lo

165 2463 316 2512 Sommorio.
336 2463 348 2511 I
367 2465 430 2528 Cap.
451 2475 495 2526 3·4
517 2480 579 2514 con·

129 2539 259 2598 tengono:
272 2534 381 2584 Precetti
390 2536 429 2584 sul
441 2535 519 2585 modo
529 2551 578 2585 eon

127 2605 171 2653 cui
190 2605 209 2653 il
231 2613 398 2669 governotore
423 2607 485 2656 deve
510 2621 578 2656 com-

127 2677 237 2740 portarsi
247 2677 288 2726 coi
298 2677 439 2741 magistrati
449 2677 468 2725 ‘a
480 2676 516 2726 lui
527 2685 578 2727 sot·

128 2748 225 2809 toposti
244 2763 259 2796 e
278 2748 344 2797 colle
356 2764 464 2813 persone
478 2748 519 2797 del
532 2764 578 2799 suo

127 2819 238 2882 seguito.

164 2886 237 2952 Cup.
256 2883 506 2953 8‚'1o.proestore.
527 2892 576 2941 Ga·

126 2960 240 3020 rantire;
261 2959 298 3009 lar
317 2961 473 3010 malleveria.

166 3031 266 3092 legatos.
280 3030 293 3078 Ι
312 3032 395 3094 legati,
411 3049 426 3081 o
439 3033 477 3082 sia
489 3031 578 3096 luogo·

126 3102 227 3152 tenenti
246 3101 288 3150 del
306 3113 480 3166 governatore,
493 3104 513 3152 si
533 3119 580 3152 no·

127 3171 269 3220 minavano
288 3173 331 3221 dal
352 3181 448 3232 senato,
469 3174 580 3224 tenendo

126 3240 191 3306 perd
202 3248 281 3292 conto
290 3245 331 3293 dei
343 3245 494 3294 desideriidi
503 3245 579 3304 colui,

127 3313 154 3361 al
172 3313 249 3377 quale
270 3315 402 3365 dovevuno
420 3315 521 3366 servire.

165 3384 277 3434 Tubero.
298 3386 329 3449 Q.
355 3386 414 3436 Elio
434 3387 579 3451 Tuberone,

124 3455 211 3505 amieo
234 3457 260 3505 di
280 3457 412 3507 Cicerone.

164 3525 295 3579 Gratidio.
315 3529 421 3580 Sembra
445 3528 578 3579 chefosse

121 3597 270 3661 congiunto
308 3600 335 3649 di
365 3599 496 3666 parentela
530 3615 579 3650 con

122 3666 257 3719 Cicerone.

670 2477 710 2513 11.
732 2465 901 2524 Quaestorem.
923 2464 944 2512 ll
962 2471 1079 2528 questore

632 2552 675 2586 era
694 2537 711 2585 il
737 2551 855 2602 supremo
879 2535 1026 2599 magistrate
1051 2534 1079 2583 fi-

632 2607 762 2656 nanziario
775 2607 843 2656 della
855 2606 993 2672 provincia,
1007 2622 1021 2656 e
1033 2621 1079 2672 per

633 2677 730 2742 dignitrl
749 2678 839 2727 veniva
858 2678 941 2728 subito
966 2678 1035 2743 dopo
1060 2675 1079 2725 il

632 2757 805 2814 governatore.
824 2751 865 2799 Da
878 2750 942 2801 Silla
955 2749 982 2798 in
1000 2748 1044 2813 poi
1057 2748 1079 2797 si

632 2821 788 2884 eleggevano
807 2821 869 2885 ogni
885 2836 953 2869 auno
967 2831 1000 2867 20
1018 2834 1079 2890 que·

632 2892 711 2940 stori:
732 2892 781 2941 due
798 2900 929 2941 restavano
949 2891 976 2940 in
996 2892 1080 2939 Roma

632 2970 699 3012 sotto
718 2963 736 3011 il
750 2979 826 3012 nome
839 2963 865 3012 di
877 2968 1021 3025 quaestores
1035 2976 1080 3008 ur·

632 3033 712 3088 bani,·
737 3034 772 3099 gli
799 3034 855 3083 altri
883 3034 904 3083 si
928 3033 1080 3083 dividevarm

632 3120 678 3170 per
696 3106 825 3169 sorteggio
844 3112 882 3154 tra
899 3105 923 3153 le
941 3103 1009 3154 varie
1022 3119 1080 3168 pro·

634 3175 725 3224 vincie.

665 3247 878 3310 perseecc.1n
901 3261 967 3308 cose,
988 3244 1014 3294 di
1038 3244 1080 3294 cui

633 3314 647 3366 ὲ
668 3317 842 3382 responsabile
861 3317 912 3381 egli
931 3323 1017 3366 stesso.

664 3389 830 3452 permisisses.
867 3389 952 3438 Tanto
991 3395 1081 3452 questo

634 3460 799 3523 congiuntivo
819 3459 866 3509 che
886 3460 903 3508 il
930 3459 1081 3524 precedente

635 3537 696 3578 esset
713 3530 858 3595 esprimono
877 3546 912 3579 un
931 3546 995 3582 caso.
1008 3544 1081 3596 pura·
1148 3547 1150 3554 ’

634 3608 719 3651 mente
738 3609 853 3667 pensato,
873 3601 914 3651 un'
926 3600 1025 3666 ipotesi,
1039 3617 1054 3649 e
1071 3599 1081 3648 i

634 3673 712 3738 tempi
732 3674 818 3723 storici
837 3673 863 3722 la
883 3679 1082 3738 roppresentauo

934 3797 951 3848 6
