2788 4326
472 367 619 410 nrisruta
646 370 696 428 54.
925 364 927 368 '
1023 355 1060 411 61

104 504 135 554 et
149 505 249 554 vester
265 495 357 554 Galus
373 504 403 554 et
426 497 469 554 M.
485 495 570 567 Cato,
588 494 640 572 qui
663 514 779 554 summo
803 491 938 571 ingenio,
951 513 1067 554 summa

104 582 213 643 virtute
238 582 331 642 filium
355 582 494 661 perdidit,
512 583 547 643 iis
562 584 746 662 temporibus
761 583 889 656 fuerunt,
907 594 939 642 ut
962 601 1067 642 eorum

104 674 218 732 luctum
243 671 375 749 ipsorum
398 672 527 749 dignitas
551 669 764 746 consolaretur,
784 691 828 744 ea,
853 691 943 747 quam
970 691 1007 731 ex
1035 691 1068 731 re

103 759 227 839 publica
261 765 529 839 consequebantur.
591 761 668 822 Mihi
702 772 802 822 autem
833 759 948 820 amissis
982 780 1067 820 orna·
1093 782 1113 820 a

103 850 214 910 mentis
236 849 280 921 iis,
306 870 382 927 quae
404 849 468 928 ipse
491 851 707 910 commembras
730 869 866 928 quaeque
893 869 973 910 eram
1002 869 1062 909 ma·

103 939 193 998 ximis
214 938 369 1000 laboribus
390 941 526 1017 adeptus,
544 959 637 999 unum
660 942 801 1000 manebat
821 939 894 998 illud
910 937 1062 1010 solacium,

103 1029 187 1106 quod
211 1039 347 1106 ereptum
371 1040 423 1091 est.
479 1031 549 1088 Non
579 1027 743 1089 amicorum
774 1026 908 1106 negotiis
934 1048 995 1088 non
1022 1026 1065 1087 rei

105 1117 245 1196 publicae
268 1118 475 1195 procuratione
498 1116 738 1195 impediebantur
753 1116 947 1195 cogitationes
962 1135 1065 1193 meae;

104 1205 180 1266 nihil
203 1206 234 1266 in
258 1208 322 1266 foro
346 1227 432 1284 agere
455 1207 589 1281 libebat;
629 1206 760 1284 aspicere
786 1205 897 1267 curiam
929 1227 991 1266 non
1014 1227 1066 1284 po·

105 1306 223 1370 teram;
271 1295 485 1368 existimabam,
510 1295 542 1355 id
565 1297 648 1371 quod
671 1307 742 1369 erat,
767 1311 871 1355 omnes
894 1315 943 1355 me
966 1307 996 1356 et
1022 1295 1066 1356 in·
1146 1323 1153 1336 ·

105 1384 236 1446 dustriae
252 1404 337 1445 meae
353 1387 464 1446 fructus
480 1395 510 1443 et
527 1386 662 1445 fortunae
685 1383 858 1462 perdidisse.
906 1385 976 1457 Sed,
998 1405 1067 1445 cum

104 1473 265 1552 cogitarem
293 1475 367 1534 haec
397 1468 471 1532 mihi
502 1484 601 1533 tecum
634 1484 664 1533 et
692 1494 761 1534 cum
792 1472 970 1550 quibusdam
1002 1492 1066 1533 esse

105 1561 285 1635 communia,
312 1572 433 1623 etcum
461 1564 625 1640 frangerem
656 1561 715 1622 iam
743 1562 806 1640 ipse
836 1581 885 1621 me
916 1582 1066 1638 cogerem·

104 1672 162 1728 que
178 1651 229 1712 illa
245 1654 321 1712 ferre
344 1654 512 1724 toleranter,
531 1653 679 1711 habebam
703 1671 763 1728 quo
787 1653 987 1728 confugerem,
1014 1650 1066 1710 ubi

105 1738 468 1818 conquiesceremcuius
498 1739 529 1800 in
560 1760 697 1800 sermone
727 1750 756 1800 et
786 1739 928 1799 suavitate
961 1759 1070 1800 omnes

104 1849 175 1891 cura
209 1831 388 1907 doloresque
419 1832 625 1906 deponerem;
673 1848 754 1890 nunc
783 1841 881 1889 autem
914 1830 972 1889 hoc
1004 1839 1065 1889 tam

104 1919 185 1997 gravi
210 1921 333 1978 vulnere
356 1917 446 1978 etiam
469 1918 527 1992 illa,
552 1938 628 1996 quae
655 1918 845 1979 consanuisse
877 1917 1065 1992 videbantur,

104 2009 326 2069 recrudescunt.
373 2009 444 2067 Non
467 2007 555 2080 enim,
574 2018 607 2067 ut
626 2018 689 2067 tum
706 2027 786 2068 mea
804 2028 835 2068 re
853 2007 973 2085 publica
989 2027 1067 2067 mae·

105 2109 165 2158 stus
189 2099 298 2158 domus
328 2095 503 2174 excipiebat,
528 2116 605 2173 quae
637 2098 758 2169 levaret,
791 2095 833 2157 sic
863 2116 944 2157 nunc
974 2097 1068 2156 domo

104 2207 240 2247 maerens
263 2186 302 2245 ad
324 2205 388 2245 rem
411 2185 562 2264 publicam
580 2187 740 2262 confugere
755 2206 886 2263 possum,
904 2195 936 2245 ut
953 2185 985 2244 in
1002 2184 1066 2244 eius

104 2275 192 2336 bonis
218 2274 420 2350 adquiescam.
474 2277 578 2351 Itaque
609 2286 639 2334 et
669 2275 760 2334 domo
793 2276 900 2334 absum
931 2286 961 2333 et
988 2275 1062 2346 for0,

104 2365 187 2442 quod
222 2385 278 2424 nec
308 2383 377 2423 eum
409 2365 553 2437 dolorem,
586 2383 676 2439 quem
706 2383 723 2422 e
753 2383 785 2424 re
815 2363 936 2440 publica
968 2361 1062 2440 capio,
1126 2409 1131 2424 .

103 2454 212 2513 domus
235 2454 294 2512 iam
318 2452 463 2513 consolari
491 2463 597 2530 potest,
623 2472 680 2512 nec
708 2451 905 2512 domesticum
936 2471 983 2510 res
1013 2470 1066 2529 pu·

103 2542 191 2604 blica.
239 2544 308 2618 Quo
332 2542 424 2620 magis
447 2553 477 2602 te
500 2551 640 2618 exspecto
663 2551 752 2617 teque
776 2541 876 2601 videre
900 2561 989 2618 quam
1008 2539 1063 2617 pri·
1089 2555 1111 2612 3

103 2643 187 2691 mum
211 2629 320 2708 cupio:
364 2631 457 2690 maior
486 2630 561 2690 mihi
590 2629 700 2690 levatio
730 2631 826 2690 afferri
854 2632 936 2689 nulla
967 2641 1066 2707 potest

104 2739 194 2798 quam
225 2719 397 2780 coniunctio
431 2718 654 2780 consuetudinis
687 2739 917 2797 sermonumque
950 2729 1066 2778 nostro·

104 2827 192 2884 rum;
232 2829 413 2886 quamquam
426 2810 581 2886 sperabam
598 2819 683 2868 tuum
698 2810 861 2868 adventum
877 2843 915 2852 -
932 2806 973 2867 sic
985 2807 1066 2867 enim

103 2899 262 2958 audiebam
287 2933 327 2942 -
351 2899 601 2976 appropinquare.
656 2901 720 2976 Ego
743 2908 842 2958 autem
867 2917 934 2957 cum
964 2895 1069 2956 multis

144 3143 230 3192 Galus.
260 3143 288 3192 C.
314 3141 429 3207 Sulpicio
457 3138 555 3207 (percid
611 3144 670 3194 lude
690 3145 771 3194 anche
791 3145 808 3194 il
826 3153 948 3209 seguente
964 3159 980 3192 a
999 3150 1066 3206 rep.

104 3213 197 3279 vester)
217 3215 291 3272 Galo,
312 3215 354 3263 nel
379 3211 427 3261 168
453 3215 555 3263 tribuno
610 3222 742 3265 maestum.

104 3287 273 3336 nell'esercito
292 3286 318 3334 di
338 3284 426 3336 Paolo.
440 3284 555 3350 Conqui-
647 3300 670 3350 3.
686 3302 848 3350 quamquam.
864 3285 892 3335 si
905 3286 1022 3335 rannoda
1042 3285 1067 3334 al

104 3356 143 3408 stb
163 3359 172 3406 i
191 3357 287 3421 Liguri.
609 3359 740 3422 superiore
761 3364 856 3421 teque...
878 3352 969 3421 cupio?
987 3373 1067 3421 quan·

140 3443 164 3478 2.
183 3428 252 3477 illud
266 3428 311 3476 sol.
331 3426 426 3478 Tullia.
610 3435 706 3494 tunque
720 3430 745 3479 io
760 3445 835 3494 possa
849 3445 918 3478 esser
934 3437 1004 3479 certo
1018 3428 1070 3477 che

140 3501 212 3549 amic.
233 3506 313 3562 negot.
329 3501 367 3550 Le
386 3498 555 3566 occupationi
610 3501 628 3549 il
657 3501 709 3549 mio
738 3500 864 3550 desiderio
893 3498 949 3549 sara
980 3499 1066 3549 soddl·

105 3571 146 3621 del
167 3573 231 3621 foro.
610 3571 685 3622 slatto
706 3587 757 3621 ecc.
773 3572 860 3623 Servio
874 3572 973 3620 dovera
992 3570 1068 3620 ritor-

140 3642 348 3706 impediebantur.
372 3641 423 3690 Dal
447 3655 556 3707 pensare
610 3633 761 3707 nar¹presto
786 3643 829 3694 dal
854 3658 968 3708 governo
997 3641 1069 3691 delle

105 3713 156 3763 alla
175 3711 266 3764 liberta
285 3715 400 3780 perduta,
414 3713 439 3761 al
458 3713 505 3762 che
519 3711 555 3762 el·
610 3715 744 3778 provincia
763 3715 786 3764 d’
799 3715 887 3766 Aeaia.
