2788 4326
346 384 495 428 urrsrucn
519 385 561 427 an
589 385 619 436 Q.
643 385 671 430 u.
720 383 790 428 car.
819 385 845 444 7.
1061 372 1098 443 87

147 508 323 585 severitatis,
348 531 425 590 quae
448 512 574 572 statuisti
600 512 631 572 in
657 511 712 572 ista
737 509 897 590 provincia,
929 530 990 570 non
1018 510 1103 571 facile

150 599 216 660 sine
233 619 349 660 summa
362 601 529 679 integritate
551 601 777 662 sustineremus:
809 620 867 678 qua
881 618 912 659 re
936 599 973 659 sit
988 619 1103 658 summa

150 689 184 748 in
207 687 270 748 iure
298 689 426 751 dicendo
453 690 598 764 severitas,
631 692 702 750 dum
733 691 824 751 modo
847 709 882 748 ea
911 693 950 747 ne
976 688 1104 748 varietur

149 777 255 856 gratia,
281 781 333 839 sed
357 790 547 839 conservetur
577 780 747 856 aequabilis.
800 780 858 838 Sed
890 788 989 836 tamen
1020 776 1103 854 parvi

149 869 241 926 refert
268 869 321 927 abs
343 877 373 927 te
403 867 468 944 ipso
490 869 535 928 ius
565 867 624 928 dici
653 867 846 946 aequabiliter
876 877 905 926 et
936 864 1100 942 diligenter,

150 954 208 1016 nisi
232 954 311 1016 idem
335 958 373 1016 ab
397 956 431 1016 iis
458 960 516 1031 fiet,
542 957 649 1034 quibus
675 968 707 1017 tu
731 957 793 1016 eins
822 954 951 1015 muneris
973 954 1103 1030 aliquam

150 1053 266 1122 partem
290 1045 477 1106 concesseris.
516 1049 562 1106 Ac
584 1045 657 1106 mihi
680 1046 800 1122 quidem
824 1045 939 1105 videtur
955 1063 1016 1103 non
1033 1062 1103 1102 sane

150 1153 260 1210 magna
283 1133 408 1193 varietas
431 1155 494 1194 esse
513 1135 700 1210 negotiorum
723 1134 753 1193 in
776 1133 1006 1193 administranda
1021 1131 1101 1204 Asia,

150 1223 205 1281 sed
230 1241 265 1280 ea
288 1232 349 1282 tota
371 1223 403 1282 in
425 1222 625 1284 iurisdictione
648 1223 774 1283 maxime
798 1221 956 1296 sustineri;
991 1221 1021 1280 in
1046 1239 1104 1297 qua

149 1309 292 1372 scientiae
307 1311 478 1388 praesertim
494 1307 682 1389 provincialis
704 1312 779 1372 ratio
795 1311 858 1389 ipsa
881 1309 1019 1387 expedita
1042 1321 1102 1368 est:

149 1399 318 1460 constantia
341 1409 386 1459 est
408 1399 579 1461 adhibenda
603 1413 632 1461 et
655 1401 790 1479 gravitas
815 1420 891 1476 quae
910 1399 1026 1458 resistat
1041 1418 1103 1457 non

149 1490 246 1548 solum
277 1488 396 1566 gratiae,
429 1508 531 1549 verum
561 1489 649 1550 etiam
681 1489 848 1567 suspicioni.
903 1487 1102 1563 Adiungenda
1128 1512 1163 1551 ar

149 1575 239 1636 etiam
263 1587 308 1636 est
331 1577 454 1637 facilitas
475 1577 507 1637 in
529 1579 688 1648 audiend0,
718 1579 823 1638 lenitas
845 1577 876 1636 in
900 1577 1100 1648 decernendo,

148 1665 181 1725 in
204 1665 274 1725 satis
297 1665 433 1726 faciendo
460 1687 494 1728 ac
516 1667 695 1744 disputando
722 1666 882 1744 diligentia.
929 1665 985 1724 His
1013 1666 1101 1724 rebus

149 1773 247 1831 nuper
263 1755 318 1816 Cn.
337 1755 477 1815 Octavius
499 1755 728 1816 iucundissimus
749 1756 810 1829 fuit,
836 1755 915 1832 apud
932 1772 1023 1829 quem
1046 1752 1104 1830 pri-

149 1861 217 1902 mus
245 1843 331 1903 lictor
361 1843 479 1920 quievit,
511 1844 602 1906 tacuit
631 1864 780 1918 accensus,
813 1842 948 1921 quotiens
978 1839 1102 1918 quisque

149 1930 245 1991 voluit
260 1931 335 1991 dixit
357 1943 386 1992 et
400 1952 491 2010 quam
514 1932 607 1993 voluit
628 1934 690 1994 diu.
727 1933 843 2009 Quibus
863 1931 912 1991 ille
934 1932 1024 1990 rebus
1046 1933 1104 1989 for·

149 2030 227 2080 tasse
251 2019 339 2080 nimis
360 2022 437 2081 lenis
459 2022 616 2098 videretur,
640 2022 696 2082 nisi
718 2024 792 2084 haec
822 2021 928 2081 lenitas
957 2020 1037 2078 illam
1062 2039 1104 2079 se·

149 2107 305 2168 veritatem
328 2120 468 2171 tueretur.
515 2112 706 2188 Cogebantur
729 2111 840 2171 Sullani
856 2108 1002 2182 homines
1026 2127 1102 2184 qnae

149 2216 205 2276 per
227 2196 287 2257 vim
311 2209 341 2258 et
364 2210 476 2259 metum
500 2202 689 2273 abstulerant,
715 2201 860 2274 reddere;
897 2196 1001 2276 quiin
1014 2196 1104 2275 magi·

188 2375 339 2424 Sommarr'o.
353 2376 375 2424 11
388 2377 451 2440 Cap.
466 2385 479 2437 7
500 2376 601 2425 inculca

152 2443 261 2495 severita
274 2447 306 2495 ed
316 2446 483 2512 imparzialita
494 2448 537 2496 nel
546 2447 602 2511 giu·

151 2516 246 2579 dicare,
262 2534 304 2566 ma
317 2518 442 2583 prescrive
455 2517 502 2566 che
519 2519 601 2568 debba

152 2589 289 2638 osservarsi
309 2589 390 2639 anche
408 2589 423 2637 1¹
434 2587 557 2638 amanita.

189 2670 231 2706 20.
252 2659 280 2707 in
298 2660 355 2708 ista.
374 2660 406 2710 In
425 2662 527 2709 codesta
550 2668 600 2710 tua.

188 2743 217 2776 ca
240 2736 300 2778 tota.
325 2732 431 2782 Sembra
456 2731 601 2796 prescribile

151 2799 261 2850 riferirlo
280 2817 295 2849 a
314 2802 479 2864 negotiorum,
498 2800 601 2852 anziche

151 2871 186 2919 ad
205 2873 279 2928 Asia,
297 2888 371 2923 come
389 2874 540 2923 vorrebbero
566 2873 601 2922 al·

151 2943 220 2991 cuni.

186 3014 346 3064 scientiae...
365 3022 442 3078 prov.
465 3015 541 3067 ratio.
561 3017 601 3066 Sc.

150 3082 218 3132 iuris
245 3086 369 3135 scientiae.
397 3087 436 3136 La
465 3087 601 3152 giurlspru·

150 3155 234 3204 denza
246 3155 314 3205 delle
327 3157 458 3222 provincie
468 3174 511 3206 era
521 3158 601 3208 molto

150 3226 282 3291 semplice.

186 3298 331 3362 suspiciant.
351 3300 391 3350 Sc.
407 3299 518 3362 gratiae.

187 3379 229 3418 21.
244 3370 272 3416 in
291 3370 427 3433 satisfac
443 3371 536 3432 disput.
551 3369 601 3420 Nel

149 3439 197 3488 dar
214 3440 402 3491 soddislazione
421 3441 471 3490 alle
485 3441 548 3506 parti
563 3441 601 3490 di·

149 3512 299 3562 mostrando
322 3512 370 3561 che
394 3512 420 3560 la
444 3519 563 3562 sentenza
587 3510 601 3562 ὲ

149 3582 284 3632 conforme
304 3580 446 3648 all’equitt.

188 3651 234 3702 Cn.
257 3654 383 3703 Octavius.
403 3654 485 3704 Padre
510 3655 536 3702 di
556 3655 601 3705 Ot-

149 3723 254 3774 taviano
273 3726 396 3792 Augusto.
410 3725 449 3775 Fu
461 3733 562 3792 pretore
574 3727 601 3776 in

655 2378 738 2425 Roma
757 2376 799 2425 nel
819 2374 849 2425 61
872 2393 885 2424 e
910 2382 1058 2440 propretore
1078 2375 1105 2423 in

654 2449 722 2504 Asia,
743 2463 757 2496 e
778 2447 796 2496 s’
809 2445 922 2511 acquistd
947 2462 1011 2510 gran
1036 2446 1104 2494 sama

655 2519 681 2567 di
700 2519 816 2582 giustizia
836 2535 849 2567 e
869 2517 1055 2567 moderazione.

685 2590 790 2652 primus
818 2589 899 2638 lictor.
925 2588 1019 2652 Quello
1048 2586 1103 2647 che,

655 2661 844 2718 camminando,
863 2669 933 2710 stava
953 2656 997 2724 pili
1019 2659 1104 2708 vicino

656 2731 680 2780 al
699 2733 853 2796 magistratu,
874 2731 968 2780 laonde
990 2729 1104 2778 chiama-

655 2803 707 2852 vasi
734 2803 815 2852 anche
839 2803 985 2865 proximus.
1015 2800 1104 2864 Questi

656 2890 670 2923 e
688 2873 825 2923 l'accensus
838 2889 951 2922 avevano
968 2871 1105 2920 l'incarico

655 2945 681 2994 di
700 2953 832 2994 mantener
847 2944 956 2993 l'ordine
975 2943 1080 2991 durante
1096 2943 1104 2990 i

656 3017 776 3082 processi.

690 3087 837 3136 videretur.
850 3120 872 3133 ..
893 3091 1018 3133 tueretur.
1041 3084 1104 3148 Sog-

655 3158 763 3222 giuntivi
782 3157 927 3222 potenziali.
1143 3185 1147 3200 .

691 3229 755 3276 Sull.
783 3228 848 3277 hom.
874 3228 886 3274 I
914 3226 1052 3292 partigiani
1078 3227 1104 3275 di

655 3300 727 3359 Silla,
755 3299 802 3348 che
826 3299 985 3348 invadevano
1010 3298 1019 3346 i
1044 3295 1104 3345 beni

655 3371 736 3420 anche
756 3369 798 3418 dei
817 3386 868 3419 non
882 3369 1016 3436 proscritti,
1032 3383 1105 3417 come

655 3441 676 3492 si
690 3443 748 3491 vide
761 3441 804 3490 nel
817 3456 876 3490 caso
887 3441 914 3491 di
923 3440 1018 3490 Roscio
1027 3439 1103 3488 Ame-

655 3513 719 3571 rino.
731 3511 778 3562 che
791 3511 817 3561 iu
831 3513 912 3562 diieso
925 3513 958 3560 da
971 3510 1105 3559 Cicerone.

694 3583 745 3644 Qui
760 3598 812 3632 ecc.
827 3584 912 3648 Quelli
932 3583 979 3633 che
998 3583 1104 3630 durante

655 3655 679 3704 le
707 3655 762 3704 loro
788 3656 963 3719 magistratum
991 3667 1105 3702 avevano

655 3733 774 3776 emanato
794 3726 866 3776 editti
885 3723 1104 3791 ingiustiffidlve-
