2788 4326
364 327 511 370 naissum
534 321 577 367 nn
601 325 632 378 Q.
656 326 683 370 r.
729 326 797 370 cnr.
824 329 853 380 4·
1045 313 1085 390 83

130 475 192 517 nae
213 454 382 530 voluntatis,
406 457 459 516 sed
482 453 563 516 testis
594 465 671 520 tuae.
724 459 876 517 Accensus
906 455 943 517 sit
972 477 1009 518 eo
1032 477 1088 518 nu·

134 564 228 618 meru,
250 564 394 623 quocum
418 543 545 606 maiores
566 543 660 604 nostri
682 564 745 605 esse
769 547 934 619 voluerunt,
953 545 1003 624 qui
1026 547 1086 608 hoc

134 653 198 694 non
221 633 253 693 in
274 633 412 694 beneficii
432 636 508 708 loco,
534 635 587 694 sed
610 633 642 693 in
663 632 774 694 laboris
795 655 831 696 ac
853 635 992 710 muneris,
1009 655 1084 696 ,non

131 723 248 784 temere
270 721 327 782 nisi
348 721 460 783 libertis
483 721 543 783 suis
565 724 745 796 deferebant,
767 722 874 801 quibus
896 722 940 783 illi
963 723 1085 801 quidem

133 831 199 872 non
221 814 315 872 multo
338 831 421 871 secus
444 832 478 872 ac
501 810 590 872 servis
612 810 807 889 imperabant.
856 811 899 872 Sit
920 812 1004 874 lictor
1023 833 1086 874 non

129 919 216 972 suae,
234 901 286 960 sed
307 910 377 960 tuae
399 899 526 961 lenitatis
548 901 707 978 apparitor,
725 901 896 978 maioraque
918 903 1085 980 praeferant

134 991 230 1049 fasces
251 988 294 1049 illi
317 1011 351 1049 ac
375 1009 490 1049 secures
505 988 654 1067 dignitatis
670 988 795 1067 insignia
810 1009 898 1066 quam
921 989 1084 1068 potestatis.

136 1077 209 1137 Toti
240 1077 369 1154 denique
399 1077 437 1137 sit
468 1077 637 1156 provinciae
672 1078 822 1156 cognitum
852 1077 906 1142 tibi
939 1079 1084 1153 omnium,

130 1165 245 1244 quibus
267 1167 386 1244 praesis,
412 1169 544 1240 salutem,
568 1166 688 1237 liberos,
718 1168 837 1242 samam,
865 1170 998 1229 fortunas
1021 1188 1085 1230 esse

135 1254 308 1316 carissimas.
364 1255 501 1331 Denique
531 1257 605 1316 haec
627 1255 729 1334 opinio
760 1255 796 1315 sit
826 1276 887 1316 non
918 1258 1010 1318 modo
1041 1255 1085 1332 iis,

135 1343 189 1420 qui
212 1343 322 1420 aliquid
346 1343 521 1422 acceperint,
547 1346 600 1404 sed
626 1344 661 1404 iis
684 1343 782 1420 etiam,
807 1343 858 1422 qui
885 1345 1030 1420 dederint,
1056 1357 1085 1406 te

136 1432 300 1508 inimicum,
317 1431 342 1492 si
364 1433 396 1492 id
415 1433 596 1510 cognoveris,
614 1435 754 1494 futurum.
802 1436 908 1510 Neque
923 1453 994 1495 vero
1011 1434 1087 1512 quis-

135 1542 227 1600 quam
251 1521 341 1594 dabit,
367 1541 435 1582 cum
459 1520 514 1582 erit
544 1524 602 1583 hoc
623 1532 820 1600 perspectum,
844 1520 918 1581 nihil
948 1542 1001 1601 per
1024 1542 1084 1597 eoS,

132 1609 189 1688 qui
212 1611 351 1671 simulant
374 1629 405 1670 se
427 1611 508 1688 apud
530 1621 559 1670 te
582 1613 709 1670 multum
735 1630 831 1689 posse,
855 1613 909 1670 abs
938 1621 968 1670 te
992 1614 1086 1672 solere

137 1698 298 1778 impetrari.
346 1702 411 1760 Nec
429 1710 529 1759 tamen
552 1700 626 1760 haec
642 1699 735 1760 oratio
758 1720 825 1760 mea
840 1710 884 1760 est
908 1697 971 1759 eius
994 1699 1085 1774 modi,
1113 1725 1160 1780 14

138 1798 172 1848 ut
193 1798 224 1848 te
246 1787 287 1847 in¹
300 1799 367 1849 tuos
389 1798 441 1848 aut
462 1789 569 1848 durum
586 1808 649 1848 esse
671 1787 795 1848 nimium
819 1797 870 1848 aut
892 1787 1087 1866 suspiciosum

136 1877 245 1938 velim:
284 1897 354 1938 nam
378 1877 402 1936 si
425 1875 490 1953 quis
508 1889 553 1937 est
576 1897 687 1951 eorum,
705 1876 757 1954 qui
779 1877 833 1938 tibi
855 1875 969 1937 biennii
992 1878 1087 1957 spatio

137 1984 292 2042 nunquam
314 1965 345 2026 in
368 1965 566 2044 suspicionem
589 1965 725 2026 avaritiae
741 1965 864 2040 venerit,
882 1976 915 2026 ut
937 1985 992 2044 ego
1016 1968 1088 2028 Cae·

136 2054 215 2115 sium
249 2065 279 2114 et
302 2053 503 2132 Chaerippum
526 2066 556 2116 et
583 2057 755 2116 Labeonem
786 2065 816 2115 et
842 2054 932 2115 audio
956 2065 994 2129 et,
1018 2055 1089 2133 quia

138 2143 277 2222 cognovi,
302 2143 447 2218 existimo,
465 2142 539 2203 nihil
562 2153 615 2217 est,
632 2145 714 2220 quod
736 2164 798 2204 non
821 2154 851 2203 et
872 2143 907 2203 iis
923 2154 953 2204 et
975 2144 998 2203 si
1022 2143 1088 2222 quis

133 2241 182 2292 est
205 2232 279 2292 alius
295 2231 428 2292 eiusdem
451 2233 534 2293 modi
557 2243 588 2292 et
609 2231 754 2293 committi
773 2243 803 2292 et
825 2231 906 2292 credi
927 2230 1089 2294 rectissime

138 2332 250 2398 putem.
298 2323 357 2382 Sed
381 2321 405 2381 si
428 2321 493 2397 quis
510 2331 562 2393 est,
581 2319 611 2380 in
635 2339 695 2397 quo
717 2321 776 2380 iam
792 2319 956 2394 offenderis,
975 2322 1013 2380 de
1029 2340 1089 2398 quo

136 2409 251 2486 aliquid
274 2410 406 2485 senseris,
438 2408 508 2470 huic
537 2407 611 2469 nihil
634 2407 802 2483 credideris,
831 2411 943 2469 nullam
974 2419 1088 2486 partem

137 2497 360 2558 existimationis
382 2510 450 2558 tuae
473 2498 664 2561 commiseris

174 2816 308 2864 Accensae.
327 2815 418 2881 Specie
443 2816 469 2865 di
488 2816 585 2866 usciere
639 2816 711 2875 flitto,
729 2833 771 2866 ma
789 2817 821 2866 sii
840 2817 961 2883 piuttosto
980 2827 1007 2868 tu
1026 2819 1089 2869 mite

138 2884 180 2934 del
199 2885 332 2935 tribunale.
638 2887 680 2936 nel
711 2888 831 2954 giudizio.
864 2889 957 2938 Alcuni
988 2888 1090 2950 editori,

174 2971 205 3004 ex
218 2972 244 3004 eo
257 2972 292 3013 n,
306 2973 362 3020 quo.
376 2958 419 3008 Sia
431 2957 490 3018 tale,
501 2959 582 3023 quale.
639 2959 707 3023 dopo
743 2975 804 3008 suae
834 2961 999 3025 aggiungono
1036 2975 1091 3009 sac·

174 3027 226 3076 hoc.
247 3028 342 3091 Questo
360 3029 455 3078 afficto.
481 3028 503 3078 Il
528 3046 587 3095 pro·
639 3029 723 3079 vitiae.

139 3113 216 3147 nome
238 3098 259 3146 si
283 3098 393 3148 riferisce
419 3099 443 3148 al
468 3108 585 3150 concetto
674 3101 721 3149 illi.
742 3101 782 3151 Sc.
803 3101 909 3152 lictores.
933 3103 1009 3152 Nelle
1028 3119 1089 3167 pro·

140 3175 243 3219 astratto
262 3169 294 3218 da
318 3171 436 3220 ricavarsi
458 3171 501 3220 dal
525 3187 585 3222 con·
638 3171 721 3222 vincie
739 3172 757 3220 il
776 3181 942 3237 governatore
968 3190 1011 3223 era
1031 3189 1088 3238 pre·

137 3247 206 3290 cetto
226 3241 398 3291 antecedente.
639 3244 730 3293 ceduto
749 3243 781 3292 da
801 3243 817 3292 6
835 3244 914 3295 littori
935 3244 1001 3294 colle
1019 3245 1087 3295 souri

176 3311 224 3360 lab.
243 3327 272 3358 ac
290 3327 360 3361 naun.
380 3313 498 3362 Endiadi.
640 3315 682 3364 nei
703 3313 774 3362 fasci.

176 3383 257 3431 lictor.
274 3382 296 3430 Il
318 3383 400 3449 primo
423 3383 516 3434 littore·
534 3384 585 3437 Cfr.
675 3385 1086 3450 denique.Hasensoriassuntivo,

134 3451 158 3512 ’ἓ
177 3464 217 3503 21.
640 3463 737 3506 mentre
756 3456 774 3504 il
801 3457 916 3521 Denique
941 3457 988 3508 che
1009 3473 1088 3524 segue

175 3525 315 3589 apparitor.
336 3525 462 3575 Ministro.
488 3526 585 3576 Senso:
640 3527 712 3577 vale:
732 3543 746 3577 e
765 3528 792 3577 in
810 3529 937 3593 generale.
1023 3579 1024 3584 ,

140 3609 192 3644 non
211 3595 263 3646 fare
282 3598 329 3647 ohe
348 3597 367 3646 il
385 3597 469 3646 littore
485 3598 586 3661 mitighi
678 3611 717 3662 14.
738 3599 806 3648 nihil
821 3600 886 3649 cred.
912 3600 967 3651 Che
991 3599 1090 3666 signifi·

135 3666 192 3730 egli
210 3675 288 3718 stesso
307 3668 326 3718 ll
345 3667 440 3734 castigo
460 3668 492 3717 da
511 3675 535 3718 te
548 3669 586 3718 in·
640 3669 764 3721 cherebbe
782 3671 872 3722 invece
894 3672 950 3721 noli
966 3673 1090 3722 credere)
