2788 4326
294 313 336 368 28
631 320 779 365 rrrsrurs
805 307 913 381 3⁶·37·

290 472 353 530 que
381 450 527 528 Neapoli:
563 459 629 510 erat
658 449 737 509 enim
763 447 906 526 ascriptus
933 447 965 508 in
994 447 1025 508 id
1057 444 1254 524 municipium

273 551 363 600 -ante
389 539 538 601 civitatem
562 539 646 600 sociis
664 548 694 598 et
709 538 822 598 Latinis
837 539 945 598 datam.
992 537 1063 598 Eius
1086 539 1174 596 frater
1196 537 1253 596 Ca-

294 632 374 690 tinae
405 649 500 706 nuper
522 638 657 688 mortuus
680 638 735 687 est.
781 629 900 686 Nullam
924 626 1048 686 omnino
1075 625 1254 686 arbitramur

290 721 331 780 de
355 739 390 779 ea
412 718 575 778 hereditate
599 716 830 777 controversiam
854 735 923 775 eum
948 716 1127 790 habiturum,
1154 725 1184 774 et
1207 723 1254 774 est

292 808 384 868 hodie
408 807 438 866 in
463 806 570 881 bonis;
608 807 668 879 sed,
694 805 835 882 quoniam
859 806 950 864 habet
965 815 1117 882 praeterea
1132 801 1254 881 negotia

290 908 393 958 vetera
415 896 446 955 in
470 894 570 956 Sicilia
594 907 653 965 tua,
678 906 708 954 et
728 897 805 954 hanc
828 893 1023 954 hereditatem
1047 897 1207 954 fraternam
1224 902 1254 952 et

292 985 395 1046 omnia
417 983 480 1044 eius
504 983 558 1044 tibi
582 986 770 1056 commend0‚
796 982 827 1042 in
850 981 1012 1060 primisque
1035 983 1132 1060 ipsum
1155 981 1253 1042 virum

291 1074 443 1152 optimum
466 1073 600 1150 mihique
623 1071 890 1144 familiarissimum,
915 1071 951 1131 iis
968 1071 1072 1132 studiis
1088 1071 1252 1132 litterarum

294 1162 506 1240 doctrinaeque
536 1162 680 1235 deditum,
717 1160 826 1238 quibus
860 1181 916 1238 ego
946 1161 1074 1221 maxime
1108 1163 1251 1221 delector.

247 1277 267 1314 2
293 1255 367 1312 Peto
391 1250 479 1328 igitur
501 1253 555 1311 abs
570 1261 609 1324 te,
633 1261 665 1310 ut
681 1270 758 1322 eum,
784 1249 845 1310 sive
867 1250 962 1310 aderit
978 1249 1039 1310 sive
1060 1270 1121 1310 non
1138 1248 1253 1310 venerit

294 1341 326 1400 in
344 1339 483 1413 Siciliam,
507 1340 538 1400 in
556 1340 629 1399 meis
645 1336 756 1399 intimis
778 1339 966 1415 maximeque
983 1339 1154 1400 necessariis
1178 1339 1253 1400 scias

295 1449 368 1502 esse,
394 1429 495 1506 itaque
518 1440 632 1500 tractes,
665 1439 700 1492 ut¹
722 1427 874 1505 intellegat
897 1449 995 1488 meam
1022 1427 1078 1489 sibi
1101 1448 1253 1489 commen·

294 1518 447 1579 dationem
471 1538 580 1596 magno
602 1516 777 1577 adiumento
801 1516 897 1579 fuisse.

746 1725 807 1792 37.

471 1875 515 1934 M.
540 1871 691 1932 crosno
713 1873 744 1932 s.
767 1875 806 1932 o.
831 1873 865 1933 c.
890 1871 1072 1934 cumom.
1112 1943 1113 1950 Ν

252 2077 267 2116 1
339 2051 540 2130 Epistularum
575 2071 685 2128 genera
718 2054 811 2111 multa
845 2071 909 2110 esse
943 2072 1005 2111 non
1035 2051 1161 2128 ignoras,
1199 2052 1252 2111 sed

293 2161 386 2201 unum
411 2141 484 2200 illud
508 2141 712 2213 certissimum,
744 2140 828 2202 cuius
850 2160 943 2215 causa,
964 2141 1085 2200 inventa
1111 2161 1158 2201 res
1187 2139 1251 2218 ipsa

293 2241 345 2303 est,
372 2240 405 2290 ut
421 2230 561 2290 certiores
576 2232 738 2291 faceremus
761 2232 907 2301 absentes,
933 2229 956 2288 si
973 2229 1046 2306 quid
1062 2243 1147 2304 esset,
1169 2231 1250 2306 quod

292 2339 344 2380 eos
367 2317 441 2380 scire
465 2329 516 2378 aut
533 2330 634 2380 nostra
656 2329 707 2378 aut
729 2318 859 2395 ipsorum
883 2319 1046 2378 interesset.
1092 2321 1140 2378 Tu
1164 2318 1250 2378 huius

291 2408 409 2486 generis
432 2407 543 2469 litteras
566 2429 584 2468 a
607 2427 654 2467 me
678 2410 812 2486 profecto
835 2427 896 2468 non
920 2419 1092 2484 exspectas:
1132 2419 1249 2468 tuarum

286 2603 361 2668 piria
390 2602 448 2651 dell'
460 2601 493 2664 89
524 2620 562 2652 av.
590 2602 631 2653 Cr.
662 2610 743 2654 estese
797 2603 865 2652 della
896 2604 1053 2669 repubblica.
1079 2602 1216 2654 Senonch'e
1242 2606 1249 2654 i

289 2684 381 2739 questo
395 2674 571 2724 dirittoatutti
584 2674 620 2738 gli
632 2674 743 2723 Italiani.
797 2675 876 2724 debiti
896 2675 922 2724 lo
941 2677 1093 2725 costrinsero
1114 2692 1128 2723 a
1148 2677 1215 2725 darsi
1235 2693 1249 2725 a

328 2745 437 2795 decurio.
456 2746 574 2794 Membro
594 2746 635 2794 del
654 2754 742 2795 senato

292 2815 449 2881 municipale
468 2813 496 2880 (o
516 2817 641 2881 consiglio
660 2817 743 2865 muni·

290 2888 388 2953 cipale)
410 2888 435 2935 di
454 2886 559 2952 Napoli.

328 2966 351 3006 ct
368 2965 405 3007 est
424 2959 446 3007 lr.
466 2959 493 3006 r'n
512 2958 589 3011 bonis.
610 2960 650 3008 Ed
667 2955 681 3007 ὲ
700 2957 744 3024 gil

292 3031 319 3079 in
334 3037 451 3094 possesso
464 3030 532 3078 della
546 3038 661 3079 sostanza
673 3050 710 3070 =
722 3036 746 3078 et

291 3107 329 3148 est
337 3102 407 3148 hodie
416 3103 444 3148 in
450 3102 603 3164 possessione
613 3101 744 3162 bonorum,

290 3172 358 3221 irase
377 3172 424 3221 che
436 3173 457 3220 si
477 3181 547 3222 trova
567 3173 697 3223 anch'essa
716 3174 743 3222 in

289 3244 347 3294 Cic.

328 3311 382 3378 Ep.
401 3309 448 3365 37·
472 3315 513 3363 Da
534 3317 625 3376 Roma,
649 3313 742 3365 l'anno

289 3395 352 3448 701.
378 3385 443 3434 Caio
465 3385 600 3436 Scribonio
622 3387 741 3446 Curione,

291 3458 400 3521 giovaue
409 3457 474 3506 assai
482 3457 613 3518 dissoluto,
624 3475 666 3507 era
676 3466 742 3507 stato
766 3477 767 3482 ¹

291 3529 441 3577 r'ichiamato
456 3545 471 3576 a
483 3528 586 3592 miglior
594 3528 645 3578 vita
655 3531 688 3578 da
701 3529 742 3580 Ci-

287 3615 391 3670 cerone‚
412 3599 459 3648 che
477 3599 556 3648 molto
575 3617 681 3664 sperava
700 3600 742 3650 dal

288 3686 337 3720 suo
351 3670 455 3729 talento,
476 3671 557 3720 anche
570 3688 614 3736 per
626 3672 651 3720 la
666 3687 742 3721 causa

797 2747 905 2797 Cesare:
933 2745 998 2795 mori
1020 2748 1046 2796 in
1071 2747 1159 2796 Africa
1180 2761 1248 2796 com·

797 2817 920 2866 battendo
940 2819 948 2866 i
962 2819 1122 2882 Pompeiani.
1142 2819 1181 2867 La
1194 2835 1250 2884 pre·

798 2897 870 2937 sente
889 2888 977 2938 lettera
997 2885 1010 2936 ὲ
1029 2905 1064 2938 un
1089 2890 1205 2954 esempio
1224 2890 1249 2938 di

798 2961 857 3023 quel
876 2959 924 3008 che
941 2959 1066 3009 Cicerone
1085 2976 1179 3024 sapeva
1197 2961 1250 3011 fare

799 3031 880 3079 anche
899 3033 1002 3095 quando
1019 3047 1071 3080 non
1085 3047 1163 3080 aveva
1177 3047 1249 3096 argo·

798 3108 886 3150 mento
905 3117 934 3151 su
953 3103 994 3151 'cui
1013 3104 1128 3152 scrivere.

837 3186 858 3221 1.
878 3189 960 3221 unum
973 3175 1042 3222 illud
1050 3173 1145 3226 certt'ss.
1165 3175 1200 3224 Su
1213 3175 1249 3238 gli

798 3244 856 3294 altri
874 3246 962 3310 generi
981 3246 1007 3294 di
1026 3245 1114 3294 lettere
1133 3246 1156 3294 ci
1176 3244 1249 3310 porra
1316 3297 1319 3310 ,

797 3331 879 3365 essere
906 3316 1042 3380 disparere,
1072 3332 1113 3364 ma
1138 3332 1249 3367 nessuno

796 3385 872 3451 porra
891 3388 917 3435 in
937 3389 1032 3436 dubbio
1052 3395 1150 3452 questo.

833 3460 906 3506 cuius
936 3474 1022 3518 eausa.
1053 3458 1185 3522 Distingui
1214 3467 1249 3510 tra

796 3544 874 3578 causa
885 3529 927 3579 col
938 3530 1058 3594 genitivo,
1069 3529 1121 3579 obe
1130 3536 1248 3593 propter.

824 3601 981 3663 faceremus.
995 3601 1016 3648 Il
1030 3610 1116 3665 tempo
1128 3601 1149 3650 si
1160 3603 1249 3668 regola

796 3673 908 3721 secondo
928 3673 1032 3720 inventa
1051 3678 1092 3720 est.
