2788 4326
516 361 666 406 arrarum
691 366 743 420 42.
890 435 892 440 Ι
1058 364 1099 426 35

137 505 257 550 sumus.
302 489 378 548 Inde
400 509 427 550 a.
452 489 482 551 d.
506 507 536 555 v.
559 490 630 550 Idus
653 491 814 568 Corcyram
837 489 998 551 bellissime
1021 489 1103 551 navi·

136 577 288 657 gavimus.
334 579 483 655 Corcyrae
506 577 614 638 suimus
631 582 779 656 usquead
795 599 822 640 a.
839 580 868 640 d.
890 597 952 640 xvr.
970 580 1100 640 Kalend.

145 667 307 728 Decembr.
331 666 557 744 tempestatibus
587 668 704 730 retenti.
758 672 795 728 A.
828 669 857 728 d.
888 686 938 730 xv.
970 669 1100 728 Kalend.

141 755 178 816 in
209 765 329 834 portum
365 757 597 835 Corcyraeorum
632 758 678 816 ad.
704 756 868 834 Cassibpen
900 757 996 818 stadia
1028 773 1100 817 cxx.

145 844 344 924 processimus
356 862 363 920 ;
403 845 446 905 ibi
468 845 575 906 retenti
598 845 695 905 ventis
717 866 818 906 sumus
841 865 934 924 usque
955 847 995 906 ad
1018 866 1046 906 a.
1070 847 1102 906 d.

147 953 191 995 rx.
216 935 378 996 Kalendas.
426 937 550 1005 Interea,
568 933 620 1012 qui
642 934 752 1012 cupide
775 935 899 1012 profecti
921 945 1000 1010 sunt,
1017 933 1104 994 multi

143 1022 298 1100 naufragia
320 1024 462 1084 fecerunt.
511 1027 574 1084 Nos
597 1042 633 1084 eo
649 1023 698 1084 die
715 1024 811 1084 cenati
831 1024 993 1101 solvimus;
1031 1023 1101 1084 inde
1128 1045 1145 1084 a

138 1123 247 1173 austro
269 1111 430 1183 lenissimo,
448 1115 532 1173 caelo
555 1131 670 1186 sereno,
687 1123 775 1173 nocte
797 1111 848 1173 illa
870 1124 901 1174 et
916 1113 964 1174 die
983 1123 1103 1192 postero

141 1200 179 1261 in
203 1199 319 1260 Italiam
349 1204 388 1261 ad
417 1203 607 1280 Hydruntem
633 1201 794 1262 ludibundi
820 1203 1018 1281 pervenimus,
1050 1221 1103 1262 eo-

148 1291 279 1366 demque
302 1300 393 1350 vento
416 1290 558 1368 postridie
582 1323 622 1334 --
647 1290 678 1349 id
701 1302 811 1352 erata.
837 1294 867 1352 d.
892 1310 943 1357 vu.
971 1291 1104 1370 Kalend,

147 1382 310 1440 Decembr.
325 1413 360 1422 -
376 1381 450 1440 hora
461 1390 565 1457 quarta
577 1379 766 1440 Brundisium
779 1380 923 1454 venimus,
937 1383 1104 1458 eodemque

141 1479 284 1546 tempore
307 1467 394 1527 simul
417 1468 573 1528 nobiscum
597 1467 627 1527 in
651 1468 794 1546 oppidum
818 1467 930 1530 introiit
953 1468 1103 1544 Terentia,

147 1577 227 1635 quae
242 1567 273 1616 te
290 1557 358 1616 facit
373 1556 501 1635 plurimi.
534 1562 571 1617 A.
588 1559 618 1617 d.
636 1579 664 1617 v.
680 1559 808 1620 Kalend.
827 1561 986 1620 Decembr.
1004 1578 1105 1619 servus

151 1648 208 1708 Cn.
233 1646 344 1706 Planeii
367 1646 517 1706 Brundisii
540 1648 661 1706 tandem
683 1646 845 1723 aliquando
867 1647 940 1706 mihi
964 1669 981 1707 a
1003 1659 1032 1706 te
1056 1667 1103 1707 ex·

144 1735 378 1814 spectatissimas
401 1737 511 1794 litteras
534 1734 672 1807 reddidit,
695 1736 779 1795 datas
802 1736 905 1796 Idibus
928 1738 1103 1810 Novembr„

146 1843 227 1900 quae
251 1843 300 1883 me
324 1824 459 1884 molestia
481 1827 568 1883 valde
591 1827 747 1884 levarunt:
789 1825 900 1884 utinam
924 1825 1047 1885 omnino
1074 1825 1107 1884 li·

150 1912 321 1974 berassentl
360 1915 419 1972 Sed
436 1923 535 1972 tamen
552 1915 682 1991 Asclapo
699 1914 832 1974 medicus
847 1915 936 1992 plane
952 1917 1107 1974 confirmat

152 2001 327 2080 propediem
344 2011 374 2060 te
386 2003 535 2061 valentem
547 2003 619 2064 fore.
656 2005 745 2062 Nunc
756 2003 829 2079 quid
841 2022 897 2080 ego
909 2014 939 2062 te
951 2004 1058 2075 horter,
1074 2012 1108 2064 ut
1130 2024 1155 2080 3

150 2110 273 2151 omnem
290 2090 471 2168 diligentiam
487 2091 631 2150 adhibeas
642 2092 681 2151 ad
692 2093 982 2152 convalescendum?
1011 2095 1108 2152 Tuam

153 2179 350 2258 prudentiam,
369 2180 604 2257 temperantiam,
618 2200 750 2240 amorem
768 2200 837 2257 erga
852 2198 900 2239 me
916 2181 987 2240 novi
1001 2199 1008 2256 ;
1047 2180 1108 2242 scio

144 2279 181 2328 te
204 2268 305 2328 omnia
335 2271 488 2341 facturum,
518 2279 550 2329 ut
581 2268 736 2329 nobiseum
762 2267 857 2346 'quam
888 2269 1016 2346 primum
1048 2268 1108 2345 sis;

149 2359 206 2418 sed
222 2369 323 2418 tamen
339 2357 379 2417 ita
394 2357 493 2430 velim,
512 2368 598 2417 utne
613 2357 686 2434 quid
703 2362 853 2436 properes.
892 2358 1109 2437 Symphoniam

152 2447 279 2526 lysr'mis
302 2448 409 2506 vellem
433 2445 564 2519 vitasses,
582 2465 621 2505 ne
643 2446 674 2506 in
697 2459 831 2522 quartam
855 2448 1048 2507 hebdomada
1066 2446 1110 2506 in·

190 2641 333 2706 Cassiopen.
354 2647 430 2694 Porto
444 2645 469 2692 di
489 2643 600 2694 Corcira.
656 2644 759 2708 viaggio
770 2643 796 2694 fu
807 2644 961 2703 felicissimo,
970 2661 991 2707 e,
1003 2641 1108 2694 anzichb

189 2713 272 2762 stadia
293 2714 400 2766 CCXX.
419 2716 486 2766 Vedi
499 2717 546 2780 Ep.
565 2726 604 2778 13,

151 2795 215 2835 ¹notu
234 2799 259 2846 4.

190 2857 272 2906 nrultr'.
292 2857 353 2907 Non
371 2857 514 2908 intenderlo
531 2871 605 2906 come

157 2928 322 2993 apposizione
332 2929 449 2994 partitiva
460 2931 485 2978 di
497 2928 549 2992 qui,
563 2944 606 2976 ma

153 3000 303 3048 eostruisci:
334 3001 415 3058 multi,
446 3002 492 3064 qui
518 2999 607 3062 cupide

156 3071 201 3130 (ad
219 3072 282 3134 ogni
302 3073 384 3132 costo)
399 3078 444 3135 pr.
456 3089 476 3127 s.
496 3086 548 3120 ecc.
568 3071 607 3120 La

156 3142 331 3191 collocazione
350 3143 375 3191 di
395 3143 470 3192 multi
487 3148 564 3191 mette
580 3142 606 3188 in

155 3228 219 3277 gran
243 3213 333 3263 rilievo
358 3214 374 3262 l'
385 3215 443 3264 idea
468 3215 493 3263 di
518 3220 608 3277 questo

155 3285 295 3348 aggettivo.
307 3285 358 3335 Cfr.
370 3287 448 3336 Satn.
462 3285 537 3333 Catil.
548 3295 570 3345 3,
585 3295 607 3331 1.

195 3367 218 3402 2.
239 3358 328 3407 cenati.
343 3359 381 3406 La
394 3373 457 3406 cena
476 3357 517 3404 dei
532 3357 608 3404 Rom.

155 3429 354 3492 oorrispondeva
369 3429 392 3476 al
406 3437 491 3477 nostro
506 3440 608 3492 pranzo,

154 3513 174 3546 e
193 3497 214 3546 si
233 3499 320 3548 lacera
339 3500 407 3549 dalle
426 3512 441 3561 3
459 3498 509 3547 alle
528 3512 545 3558 4
565 3513 610 3562 po-

158 3571 308 3620 meridiane.

195 3642 365 3704 Hydruntrm.
387 3644 439 3692 Ora
458 3641 573 3690 Otranlo.

197 3713 336 3762 ludibundi.
360 3714 428 3765 Vuol
448 3713 501 3763 dire
525 3711 572 3761 che
592 3711 611 3760 il

659 2715 770 2779 viaggio,
792 2726 962 2781 passarempo.

695 2787 725 2834 id
731 2792 795 2835 erat.
806 2785 852 2838 Piir
864 2787 994 2851 frequente
1003 2788 1111 2837 sarebbe

660 2858 681 2905 is
700 2864 758 2906 erat
774 2874 790 2907 o
809 2859 854 2921 qui
871 2859 1003 2906 disserat.

698 2928 745 2977 Cn.
758 2928 868 2978 Plancis‘.
883 2929 905 2978 Il
922 2929 1069 2988 medesimo,
1083 2929 1112 2978 iu

661 2999 742 3050 dilesa
760 3001 802 3050 del
821 3001 896 3066 quale
915 3000 970 3049 Cic.
983 3000 1050 3049 disse
1066 2999 1112 3049 l’o·

661 3072 763 3122 rarione
776 3073 823 3121 ehe
837 3087 930 3120 ancora
940 3071 1112 3136 possediamo.

698 3144 815 3206 Asclapo.
834 3143 900 3193 Vedi
920 3144 967 3206 Ep.
990 3155 1029 3206 19.

699 3227 722 3277 3.
743 3222 774 3262 ut
790 3229 828 3265 ne.
846 3215 912 3263 Vedi
932 3215 980 3278 Ep.
996 3226 1031 3278 30
1050 3210 1067 3278 ξ
1087 3225 1113 3262 2.

700 3285 888 3349 Symphoniam.
914 3286 1040 3335 Coucerto
1059 3301 1115 3334 mu·

663 3355 741 3406 sicale
761 3358 866 3406 durante
884 3357 910 3404 la
931 3373 1002 3406 cena.

701 3427 859 3475 hebdomada.
875 3422 1043 3476 Hebdomase
1063 3428 1115 3476 cia·

664 3514 726 3548 scuu
745 3500 846 3548 settimo
866 3501 956 3562 giorno
970 3499 1046 3547 d¹una
1061 3514 1114 3547 ma·

664 3570 744 3628 latria,
754 3587 768 3618 a
779 3580 881 3620 contare
892 3570 934 3618 dal
945 3571 1034 3636 primo.
1047 3570 1116 3633 Que-

665 3644 696 3690 sti
710 3642 792 3705 giorni
807 3658 885 3690 erano
899 3641 1000 3690 ritenuti
1011 3641 1052 3690 dai
1064 3659 1117 3692 me·

666 3713 716 3762 dici
737 3729 809 3762 come
828 3713 912 3777 giomi
932 3712 1020 3763 critici.
