2788 4326
383 383 530 428 naissum
554 384 597 425 An
621 381 651 436 Q.
676 383 702 428 r.
749 384 819 430 car.
845 371 873 429 8.
1066 377 1106 453 89

150 516 264 573 futurus
285 531 439 590 nunquam
456 512 519 587 fuit,
542 532 674 591 quonam
690 516 781 575 modo
796 513 952 577 retinenda
972 528 1041 578 sunt
1057 517 1101 594 iis,

150 601 259 680 quibus
274 600 430 680 imperium
452 603 493 662 ita
515 604 618 663 datum
634 613 686 678 est,
711 614 744 664 ut
758 605 926 680 redderent,
951 616 981 667 et
1003 608 1042 668 ab
1066 607 1102 667 iis

149 691 266 770 legibus
288 693 390 752 datum
406 703 459 766 est,
484 693 522 752 ad
545 712 619 770 quas
641 694 850 754 revertendum
866 696 930 754 est?
967 699 1013 756 Ac
1030 696 1103 758 mihi
1129 718 1169 772 24

150 780 273 860 quidem
307 780 445 841 videntur
476 784 535 843 huc
564 781 668 842 omnia
698 803 761 844 esse
794 785 949 844 reserenda
978 783 1023 858 iis,
1055 787 1107 864 qui

151 883 292 949 praesunt
313 869 386 944 aliis,
416 881 449 931 ut
471 871 500 946 ii,
524 871 576 949 qui
599 882 685 932 erunt
707 871 738 931 in
762 891 865 933 eorum
887 873 1022 952 imperio,
1048 875 1106 936 sint

151 980 242 1038 quam
265 959 445 1036 beatissimi;
485 961 566 1038 quod
588 960 643 1021 tibi
666 971 696 1020 et
722 981 785 1021 esse
813 961 1052 1041 antiquissimum
1077 975 1106 1025 et

150 1052 189 1111 ab
212 1049 297 1110 initio
320 1049 416 1124 fuisse,
450 1060 481 1110 ut
504 1049 632 1128 primum
659 1050 761 1111 Asiam
787 1051 916 1130 attigisti,
949 1063 1106 1114 constante

150 1142 341 1218 famaatque
364 1138 498 1200 omnium
521 1159 658 1200 sermone
682 1142 861 1201 celebratum
885 1151 939 1203 est.
980 1145 1033 1203 Est
1055 1163 1106 1204 au·

150 1240 212 1290 tem
235 1249 298 1289 non
320 1231 412 1289 modo
436 1229 506 1302 eius,
539 1229 590 1306 qui
613 1228 699 1290 sociis
726 1239 756 1290 et
779 1230 901 1306 civibus,
934 1233 986 1292 sed
1015 1232 1104 1293 etiam

145 1318 222 1393 eius,
255 1318 308 1396 qni
330 1317 428 1393 servis,
461 1318 513 1395 qui
536 1318 625 1380 mutis
654 1318 819 1396 pecudibus
842 1320 959 1398 praesit,
990 1341 1106 1397 eorum,

150 1406 258 1486 quibus
288 1408 406 1486 praesit,
439 1407 606 1469 commodis
636 1407 813 1486 utilitatique
844 1409 961 1471 servire.
1014 1410 1105 1472 Cuius
1131 1429 1168 1491 25

151 1497 273 1575 quidem
288 1497 403 1575 generis
422 1508 557 1559 constare
580 1497 657 1558 inter
672 1517 776 1558 omnes
791 1497 880 1559 video
904 1500 1003 1560 abste
1028 1520 1105 1560 sum·

151 1607 230 1647 mam
252 1586 389 1648 adhiberi
409 1586 608 1664 diligentiam:
645 1589 760 1647 nullum
783 1608 833 1648 aes
848 1587 977 1648 alienum
993 1608 1104 1649 novum

153 1676 289 1738 contrahi
313 1675 488 1750 civitatibus,
513 1687 612 1738 vetere
629 1686 727 1736 autem
752 1697 860 1755 magno
876 1688 906 1737 et
928 1678 1009 1756 gravi
1032 1673 1105 1738 mul-

152 1776 196 1827 tas
220 1769 273 1828 abs
296 1776 326 1826 te
349 1786 413 1826 esse
435 1765 593 1842 liberatas;
630 1768 719 1826 urbes
741 1770 908 1845 complures
936 1765 1049 1829 dirutas
1070 1789 1106 1829 ac

152 1875 247 1934 paene
271 1857 410 1931 desertas,
443 1854 605 1933 inquibus
632 1875 722 1915 unam
749 1857 851 1917 Ioniae
881 1854 1104 1930 nobilissimam,

151 1948 273 2006 alteram
297 1941 409 2022 Cariae,
434 1948 556 2006 Samum
583 1955 613 2006 et
639 1944 887 2020 Halicarnassum,
912 1965 965 2024 per
989 1956 1019 2006 te
1042 1966 1105 2008 esse

150 2045 312 2111 recreatas;
347 2036 443 2095 nullas
466 2055 529 2096 esse
552 2033 584 2094 in
607 2034 726 2112 oppidis
741 2035 909 2109 seditiones,
935 2037 1030 2096 nullas
1048 2035 1106 2097 dis·

151 2124 282 2200 cordias3
315 2123 464 2202 provideri
485 2127 539 2187 abs
561 2134 600 2199 te,
625 2135 658 2183 ut
674 2123 807 2185 civitates
826 2124 1014 2202 optimatium
1037 2146 1106 2187 con-

151 2213 221 2275 siliis
236 2212 495 2290 administrentur;
532 2215 648 2275 sublata
671 2213 783 2292 Mysiae
799 2213 967 2291 latrocinia3
1000 2217 1106 2276 caedes

151 2303 250 2365 multis
273 2301 346 2363 locis
369 2320 536 2381 repressas;
573 2321 678 2380 pacem
700 2311 762 2363 tota
791 2301 943 2382 provincia
966 2304 1105 2366 constitu·

150 2404 220 2468 tam,
249 2411 346 2470 neque
378 2395 474 2452 solum
503 2392 553 2452 illa
584 2390 723 2452 itinerum
752 2402 843 2470 atque
873 2412 1019 2471 agrorum,
1052 2395 1105 2454 sed

151 2486 246 2543 multo
269 2482 357 2542 etiam
389 2482 474 2560 plura
500 2491 531 2542 et
560 2480 670 2542 maiora
700 2480 879 2559 oppidorum
911 2492 940 2543 et
970 2485 1105 2544 sanorum

150 2681 192 2730 ille
204 2695 256 2730 ecc.
270 2680 318 2729 Ille
330 2679 379 2730 che
391 2685 429 2730 sta
439 2681 507 2746 dopo
520 2695 599 2744 eaque
651 2679 719 2730 dalle
738 2679 900 2731 concussioni
920 2680 962 2729 dei
979 2695 1106 2745 governa-

151 2767 263 2802 accenna
282 2768 375 2803 ancora
393 2769 408 2801 a
427 2752 499 2814 Ciro;
521 2767 598 2816 euque
651 2751 707 2811 tori,
727 2769 804 2802 erano
823 2752 935 2802 rovinosi
961 2747 1054 2816 perchb
1078 2751 1103 2800 le

151 2825 240 2874 invece
258 2823 279 2874 si
298 2823 409 2874 riferisce
428 2822 597 2888 agravitase
651 2823 846 2890 costringev'ano
869 2840 884 2873 a
909 2831 947 2873 tor
973 2823 1068 2872 denaro
1089 2839 1104 2872 a

152 2895 262 2944 comitas.
651 2911 726 2944 usura
745 2897 787 2945 dai
805 2894 885 2945 ricchi
904 2894 1020 2952 rornani3
1047 2909 1105 2960 sap·

186 2967 231 3018 ita.
249 2968 272 3014 A
291 2966 449 3018 condicione.
652 2967 739 3032 piamo
757 2985 782 3033 p.
803 2984 824 3017 e.
844 2965 892 3015 che
910 2968 995 3027 Bruto,
1017 2964 1104 3016 l'ucci·

186 3040 223 3087 ad
228 3054 300 3104 quas.
311 3039 383 3090 Sotto
394 3039 413 3089 il
423 3039 464 3089 cui
474 3037 597 3088 dominio.
651 3054 709 3089 sore
721 3039 748 3089 di
761 3040 860 3098 Cesare,
874 3045 989 3103 prestava
1007 3036 1040 3084 ad
1053 3053 1104 3086 una

187 3121 229 3172 24.
248 3109 461 3174 antiquissimum.
484 3110 506 3159 Il
531 3109 598 3175 prin·
652 3107 713 3160 cittt
731 3110 758 3159 di
771 3109 850 3174 Cipro
870 3109 894 3158 al
913 3105 947 3171 48
960 3123 1006 3172 per
1019 3115 1101 3158 cento.

151 3183 234 3246 cipale
252 3197 340 3247 scopo.
688 3187 823 3232 recreatas.
837 3182 916 3230 Forse
929 3179 1100 3244 eseguendovi

187 3253 299 3317 attigisti.
313 3250 409 3304 Perohb
427 3253 443 3302 l’
451 3253 598 3312 indicativo,
653 3253 734 3304 lavori
752 3252 875 3317 pubblici.

151 3326 263 3376 sebbeue
281 3325 392 3391 dipenda
412 3326 444 3375 da
463 3324 573 3375 infiniti?
691 3324 858 3388 optimatium.
869 3322 971 3373 intendi
981 3322 1008 3371 di
1018 3321 1104 3386 quella

108 3399 112 3414 '
188 3407 230 3461 25.
251 3395 383 3446 Cuius...
399 3397 508 3460 generis.
533 3397 599 3447 Vedi
654 3397 734 3447 classe
752 3396 779 3445 di
797 3411 904 3460 persone
926 3393 974 3443 che
998 3394 1025 3442 in
1044 3394 1105 3443 Asia

155 3465 172 3532 ξ
194 3479 222 3531 17
243 3485 259 3517 a
280 3468 334 3528 Quo
352 3469 495 3532 degenere.
654 3468 886 3533 corrispondevano
905 3465 957 3530 agli
971 3465 1104 3514 aristocra-

187 3539 337 3590 civa'tatibus.
348 3541 417 3590 Nota
429 3540 449 3590 il
459 3540 544 3590 dativo
558 3540 600 3589 del
653 3541 698 3590 tici
711 3540 738 3588 di
751 3542 841 3590 Roma.
853 3540 903 3588 Era
916 3536 1105 3588 nell'interesse

151 3619 267 3678 soggetto
286 3619 377 3678 agente
397 3612 438 3662 col
451 3613 527 3662 verbo
541 3627 598 3677 pas·
653 3610 694 3663 dei
713 3611 824 3662 Romani
844 3610 892 3661 che
910 3609 936 3658 la
954 3624 1014 3659 cosa
1040 3609 1104 3673 pub·

150 3683 213 3733 sivo.
232 3683 244 3732 I
262 3684 333 3748 gravi
351 3684 430 3734 debiti
452 3683 519 3734 delle
537 3700 596 3749 pro·
652 3683 721 3733 blica
744 3683 811 3733 fosse
835 3683 863 3732 in
887 3697 965 3730 mano
993 3679 1035 3730 dei
1059 3675 1104 3745 pib

149 3754 240 3820 vincio,
265 3756 394 3822 cagionati
418 3755 497 3806 molte
528 3755 595 3806 volte
651 3754 738 3815 deebi,
758 3753 826 3806 ossia
845 3754 886 3806 dei
905 3751 1086 3803 conservatori.
