2788 4326
355 403 502 446 uersauit
526 403 568 444 An
592 401 623 454 Q.
647 402 674 447 r.
721 403 790 448 cur.
818 407 923 449 11·12.
1070 404 1108 465 95

165 540 264 592 autem
287 528 414 591 leniores
436 529 466 590 in
491 529 643 608 exigendis
661 529 855 609 vectigalibus
878 533 1008 592 Graecos
1023 550 1112 608 quam

166 632 282 682 nostros
303 620 479 698 publicanos
503 620 574 680 hinc
603 619 735 699 intellegi
765 630 871 698 potest,
896 621 977 698 quod
1006 620 1113 681 Caunii

165 729 261 788 nuper
283 729 446 786 omnesque
470 729 506 770 ex
527 709 639 785 insulis
663 729 739 788 quae
762 720 845 770 erant
866 713 905 771 ab
928 710 1009 771 Sulla
1031 711 1112 770 Rho-

166 799 222 859 diis
238 798 403 873 attributae,
422 801 618 878 confugerunt
632 800 671 858 ad
694 810 836 871 senatum,
854 797 941 860 nobis
960 810 993 858 ut
1014 798 1113 877 potins

165 889 290 966 vectigal
312 908 403 965 quam
427 888 553 949 Rhodiis
576 889 750 966 penderent.
798 891 865 964 Qua
880 909 912 948 re
927 909 1038 949 nomen
1061 907 1112 966 pu·

165 976 275 1039 blicani
297 997 395 1056 neque
419 977 439 1038 ii
461 965 573 1039 deberit
595 981 725 1053 horrere,
742 977 794 1055 qui
816 997 933 1056 semper
955 977 1113 1056 vectigales

166 1069 293 1140 fuerunt,
310 1087 408 1145 neque
424 1067 443 1126 ii
466 1065 624 1146 aspernari,
642 1067 694 1143 qui
715 1087 770 1146 per
788 1087 818 1130 se
842 1069 973 1146 pendere
989 1066 1114 1146 vectigal

166 1177 228 1217 non
258 1167 426 1234 potuerunt,
459 1175 557 1234 neque
588 1155 609 1215 ii
631 1175 776 1230 recusare,
800 1157 851 1235 qui
881 1159 1113 1235 postulaverunt.

165 1245 260 1307 Simul
291 1245 379 1307 etiam
410 1247 484 1307 illud
508 1245 579 1306 Asia
609 1245 727 1323 cogitet,
758 1249 871 1306 nullam
893 1248 931 1306 ab
955 1265 986 1306 se
1017 1264 1115 1323 neque
1141 1268 1180 1326 34

166 1335 237 1396 belli
260 1335 373 1396 externi
397 1355 494 1413 neque
511 1334 740 1396 domesticarum
763 1334 978 1396 discordiarum
1000 1334 1115 1396 calami-

165 1435 257 1485 tatem
279 1427 425 1485 afnturam
455 1423 554 1499 fuisse,
578 1425 602 1484 si
628 1427 686 1505 hoc
709 1423 833 1502 imperio
856 1445 918 1485 non
945 1434 1095 1485 teneretur
1107 1442 1114 1498 ;

166 1514 199 1574 id
222 1525 321 1576 autem
344 1513 502 1592 imperium
517 1535 585 1575 cum
601 1512 720 1574 retineri
740 1513 807 1574 sine
820 1512 1011 1591 vectigalibus
1033 1515 1116 1573 nullo

166 1605 257 1664 modo
275 1603 377 1681 possit
392 1623 488 1682 aequo
504 1603 604 1664 animo
620 1615 703 1681 parte
718 1603 818 1680 aliqua
832 1622 953 1663 suorum
968 1604 1114 1662 fructuum

166 1712 270 1772 pacem
295 1693 350 1754 sibi
372 1692 581 1771 sempiternam
603 1694 731 1753 redimat
760 1704 850 1770 atque
873 1693 976 1753 otium.
1025 1693 1116 1768 Quod

167 1782 192 1842 si
213 1802 307 1860 genus
329 1782 426 1860 ipsum
450 1792 479 1842 et
501 1801 611 1842 nomen
635 1781 787 1860 publicani
808 1802 870 1842 non
892 1780 994 1858 iniquo
1016 1779 1116 1841 animo

167 1871 363 1945 sustinebunt,
385 1873 527 1949 poterunt
547 1871 583 1931 iis
604 1871 729 1932 consilio
752 1882 781 1932 et
804 1870 961 1950 prudentia
979 1881 1031 1930 tua
1051 1869 1116 1930 reli·

166 1980 224 2038 qua
246 1959 340 2021 videri
370 1960 508 2023 mitiora:
554 1972 678 2039 possunt
704 1961 735 2022 in
764 1960 951 2040 pactionibus
973 1958 1116 2020 faciendis

166 2070 228 2110 non
252 2053 347 2128 legem
370 2062 504 2129 spectare
529 2050 702 2125 censoriam,
728 2052 781 2111 sed
804 2049 901 2128 potius
924 2047 1116 2111 commodita-

166 2151 227 2200 tem
245 2139 421 2200 couficiendi
444 2139 555 2218 negotii
578 2151 609 2200 et
630 2140 837 2201 liberationem
860 2138 1030 2214 molestiae;
1065 2158 1116 2216 po·

165 2238 209 2290 tes
233 2227 320 2290 ctiam
340 2239 373 2289 tu
396 2228 427 2288 id
451 2231 557 2303 facere,
574 2231 655 2306 quod
679 2240 709 2290 et
731 2227 825 2290 fecisti
844 2228 959 2306 egregie
985 2239 1014 2288 et
1036 2227 1114 2298 iacis,

1141 1757 1178 1816 35

165 2407 214 2456 che
233 2407 242 2456 i
261 2407 411 2472 provinciali
424 2423 556 2474 pagarono
573 2423 613 2456 su·
668 2407 809 2456 martinon
835 2411 1021 2456 ammettevano
1047 2404 1117 2470 negli
1158 2428 1160 2432 ν

165 2479 218 2529 bito
238 2479 392 2544 pigliandoli
411 2495 426 2528 a
447 2479 551 2544 prestito
570 2479 614 2528 dai
669 2479 725 2528 altri
744 2478 834 2544 popoll
853 2493 945 2527 nessun
968 2476 1054 2527 dirilto
1079 2476 1114 2526 al·

164 2550 321 2614 pubblicum,
351 2550 359 2598 i
388 2551 465 2615 quali,
494 2565 613 2600 accumu-

167 2621 245 2671 lando
264 2621 301 2686 gli
315 2623 414 2672 enormi
428 2622 549 2681 interemi,
562 2623 612 2672 rin·

164 2693 265 2743 scirono
285 2694 353 2758 dopo
372 2709 439 2758 poco
458 2702 545 2758 tempo
558 2709 612 2742 cre·

164 2763 239 2814 ditari
258 2765 284 2814 di
307 2777 418 2825 120‚ooo
444 2765 539 2823 talenti.
565 2764 612 2814 che

164 2836 273 2885 Lucullo
292 2836 388 2886 ridusse
406 2837 451 2903 poi
476 2853 491 2886 a
514 2849 612 2897 40,ooo

165 2923 217 2957 non
236 2923 310 2956 senza
329 2908 450 2958 suscitare
463 2907 562 2958 infinite
575 2908 611 2957 la·

165 2994 263 3043 gnanze
276 2979 309 3028 da
322 2986 394 3044 parte
407 2979 448 3029 dei
461 2979 612 3030 ricchissimi

167 3049 328 3115 appaltatori.

203 3120 304 3171 Caunii.
337 3121 443 3172 Caunus
473 3139 516 3173 era
551 3120 611 3173 citti

167 3192 234 3242 della
253 3192 338 3242 Caria.

199 3264 303 3314 Rhodiis
315 3265 458 3314 attributae.
472 3267 502 3315 In
520 3261 611 3317 ricom'·

165 3351 245 3401 pensa
277 3336 345 3386 della
381 3337 437 3387 loro
474 3335 567 3388 ledeltl
598 3355 613 3386 a

166 3411 249 3459 Roma
267 3408 373 3457 durante
388 3407 414 3457 la
427 3423 517 3474 guerra
529 3409 610 3459 Mitri-

168 3480 259 3530 datica.

669 2551 685 2599 l’
696 2550 891 2615 indipendenza.

703 2617 775 2686 Gap.
795 2617 841 2686 12,
864 2630 905 2684 35.
929 2619 1115 2670 sustinebunt...

663 2699 778 2755 possunt.
798 2694 838 2743 Sc.
859 2691 952 2740 Asiam·
969 2708 985 2741 o
1007 2692 1117 2756 praviu-

667 2765 750 2814 ciates.

702 2836 804 2900 Iegem...
823 2835 970 2885 censoriam.
991 2835 1116 2885 Determi·

666 2923 732 2958 nava
750 2924 803 2957 non
827 2908 883 2958 solo
908 2906 933 2955 la
958 2906 1047 2956 durata
1074 2906 1116 2956 del

667 2987 792 3030 contratto
811 2979 848 3029 ira
861 2979 887 3028 lo
900 2984 965 3028 stato
979 2979 1011 3027 ed
1029 2979 1038 3027 i
1051 2980 1115 3043 pub-

665 3051 768 3110 blicani,
782 3067 824 3100 ma
843 3049 925 3100 anche
943 3050 952 3098 i
970 3049 1041 3098 modi
1060 3049 1114 3098 del·

665 3123 808 3172 l’esazione.
827 3123 880 3173 Ora
898 3121 1030 3182 Cicerone,
1045 3126 1114 3170 tran·

665 3195 772 3259 sigendo
790 3202 829 3244 tra
847 3194 953 3242 l'amore
972 3192 1040 3242 della
1059 3193 1115 3257 giu·

665 3266 736 3316 stlzia
755 3281 769 3314 e
782 3264 807 3315 la
819 3265 906 3329 voglia
921 3264 947 3312 di
961 3265 1115 3314 mantenersi

666 3337 742 3387 amici
770 3337 778 3386 i
805 3329 963 3401 p'ubblicani,
987 3343 1070 3386 esorta
1096 3335 1114 3385 il

665 3407 764 3458 fratello
784 3424 799 3457 a
818 3408 857 3457 far
874 3404 895 3455 si
914 3406 962 3456 che
982 3407 991 3455 i
1012 3407 1113 3472 provin·

663 3479 732 3542 ciali,
747 3479 816 3528 nelle
833 3480 889 3528 loro
907 3479 1062 3527 transazioni
1075 3476 1114 3542 (iu

202 3564 244 3614 34.
265 3549 399 3602 Simul...
418 3552 507 3615 cogitet
523 3567 574 3602 ecc.
589 3535 611 3602 i)
659 3551 820 3615 pactionibus
832 3546 972 3614 faciendis)
985 3550 1053 3614 cogli
1068 3566 1113 3615 ap·

165 3630 253 3686 questo
271 3638 307 3672 un
326 3633 475 3687 argomento
488 3623 554 3673 assai
566 3623 610 3673 de·

165 3693 232 3752 bole,
251 3709 296 3759 per
314 3709 366 3744 non
385 3695 440 3746 dire
462 3695 610 3745 additittura

163 3764 283 3817 irrisorio.
304 3767 359 3817 Ben
378 3760 463 3818 ivero
477 3767 524 3817 che
537 3767 545 3816 i
558 3767 610 3817 Ro·

664 3622 791 3688 pultatori,
805 3637 857 3672 non
876 3620 1001 3671 insistano
1021 3629 1112 3687 troppo

664 3695 703 3745 sui
722 3694 800 3744 diritti
819 3709 834 3744 a
846 3693 902 3742 loro
916 3693 1031 3743 concessi
1045 3693 1113 3743 dalla

664 3766 705 3816 lex
722 3765 843 3815 censoria.
863 3763 886 3813 Il
905 3770 984 3816 tuono
1003 3780 1052 3816 con
1072 3767 1114 3816 cui
