2788 4326
344 391 506 434 ‘EPISTULA
530 391 572 434 ro
597 392 626 444 Q.
652 391 678 437 r.
725 391 794 438 cas.
822 379 883 454 5-6.
1053 377 1093 454 85

143 518 244 577 vetere
266 515 399 592 ¹Graecia
420 516 523 594 digni:
562 516 603 579 sic
625 537 696 578 vero
719 520 836 579 fallaces
867 527 934 578 sunt
956 517 1095 596 permulti

143 616 175 666 et
196 608 276 666 leves
292 615 322 665 et
345 605 483 666 diuturna
499 605 636 667 servitute
660 608 699 667 ad
721 607 843 667 nimiam
866 606 1094 667 assentationem

141 694 263 756 eruditi.
309 695 393 770 Quos
416 713 471 774 ego
494 695 646 756 universos
667 696 802 757 adhiberi
824 695 992 770 liberaliter,
1017 694 1093 772 opti·

143 801 227 842 mum
246 802 396 861 quemque
418 783 547 862 hospitio
562 767 749 861 amicitiaque
768 783 908 862 coniungi
923 784 992 844 dico
1007 803 1093 861 opor·

136 879 207 932 tere
219 890 227 948 3
271 871 380 932 nimiae
411 873 620 933 familiaritates
651 892 752 934 eorum
780 893 877 952 neque
900 884 960 932 tam
991 874 1094 932 fideles

142 971 213 1021 sunt
235 994 278 1004 -
302 981 363 1021 non
387 961 465 1021 enim
493 964 605 1022 audent
631 962 778 1022 adversari
806 961 912 1022 nostris
938 959 1093 1021 voluntati·

141 1051 201 1109 bus
212 1085 265 1122 —,
282 1060 312 1110 et
327 1049 463 1110 invident
478 1071 539 1110 non
555 1051 661 1110 nostris
677 1053 780 1124 solum,
799 1050 1005 1111 verumetiam
1022 1049 1090 1111 suis.

187 1141 250 1198 lam
266 1138 319 1216 qui
341 1138 373 1198 in
395 1138 458 1215 eius
480 1138 564 1204 modi
585 1142 683 1213 rebus,
701 1139 731 1198 in
755 1139 864 1216 quibus
885 1158 988 1199 vereor
1003 1137 1091 1198 etiam

140 1245 181 1286 ne
205 1226 306 1287 durior
330 1226 394 1302 sim,
419 1239 522 1288 cautus
544 1247 607 1288 esse
630 1229 720 1288 velim
743 1249 778 1288 ac
803 1228 936 1306 diligens,
962 1247 1022 1305 quo
1045 1247 1093 1287 me
1119 1209 1163 1268 ’Τ

138 1314 243 1375 animo
266 1316 298 1375 in
321 1315 411 1376 servis
426 1336 490 1378 csse
506 1319 629 1378 censes?
671 1319 755 1393 Quos
770 1315 891 1393 quidem
915 1336 983 1376 cum
999 1316 1092 1376 omni·

142 1403 253 1464 busin
277 1405 348 1466 locis
370 1415 435 1465 tum
459 1405 618 1484 praecipue
641 1405 672 1465 in
700 1403 858 1482 provinciis
880 1424 982 1482 regere
1005 1405 1093 1465 debe-

137 1512 220 1557 mus.
267 1494 337 1569 Quo
353 1495 392 1554 de
415 1513 523 1571 genere
539 1497 632 1554 multa
653 1494 784 1572 praecipi
806 1505 938 1570 possunt,
964 1495 1017 1552 sed
1036 1495 1094 1554 hoc

146 1590 176 1640 et
198 1582 404 1642 brevissimum
428 1593 472 1643 est
494 1594 524 1643 et
546 1583 682 1644 facillime
702 1581 797 1642 teneri
819 1592 925 1661 potest,
943 1593 976 1641 ut
998 1581 1039 1640 ita
1057 1581 1093 1642 'se

147 1680 251 1746 gerant
274 1670 389 1732 inistis
412 1671 549 1733 Asiaticis
571 1671 734 1744 itineribus,
757 1681 790 1730 ut
813 1670 836 1730 si
855 1670 910 1730 iter
926 1670 1023 1748 Appia
1046 1669 1093 1730 via

138 1760 261 1832 faceres,
289 1779 365 1820 neve
387 1759 528 1820 interesse
550 1761 708 1838 quicquam
731 1769 845 1837 putent,
863 1771 961 1818 utrum
978 1761 1093 1818 Tralles

139 1867 183 1907 an
207 1849 339 1908 Formias
362 1848 505 1915 venerint.
548 1853 594 1910 Ac
617 1848 641 1908 si
664 1848 730 1925 quis
745 1858 790 1908 est
812 1868 848 1907 ex
865 1847 954 1908 servis
977 1847 1092 1926 egregie

140 1935 247 2011 fidelis,
268 1937 305 1997 sit
327 1936 359 1997 in
374 1937 543 1998 domesticis
565 1940 653 1998 rebus
673 1946 702 1997 et
724 1935 859 2014 privatis,·
893 1955 969 2013 quae
992 1955 1038 1996 res
1053 1937 1093 1996 ad

91 2089 94 2096 ,
140 2024 272 2086 osticium
295 2025 411 2103 imperii
433 2026 477 2087 tui
506 2038 595 2104 atque
617 2027 656 2086 ad
678 2025 806 2103 aliquam
829 2035 943 2103 partem
966 2023 1009 2084 rei
1039 2043 1092 2102 pu·

143 2112 238 2174 blicae
250 2114 451 2192 pertinebunt,
466 2117 504 2176 de
519 2115 566 2175 his
579 2117 669 2175 rebus
684 2134 723 2173 ne
739 2114 811 2191 quid
827 2115 960 2192 attingat.
997 2116 1093 2174 Multa

139 2201 232 2278 enim,
256 2223 333 2280 quae
355 2215 435 2264 recte
458 2203 604 2264 committi
625 2202 714 2262 servis
737 2203 874 2263 fidelibus
896 2212 1028 2280 possunt,
1049 2212 1091 2261 ta·

140 2311 212 2350 men
235 2291 378 2352 sermonis
402 2303 432 2353 et
453 2289 678 2370 vituperationis
693 2289 831 2351 vitandae
849 2311 937 2352 causa
960 2289 1092 2350 commit·

139 2381 233 2440 tenda
248 2400 309 2440 non
326 2391 402 2443 sunt.
450 2383 509 2442 Sed
532 2379 709 2458 nescioquo
727 2381 869 2456 pactoad
891 2377 1091 2456 praecipiendi
1118 2387 1158 2442 18
1217 2385 1218 2388 ’

176 2591 212 2642 sic
229 2608 298 2640 vero.
316 2594 360 2642 Ma
373 2609 418 2659 per
433 2593 451 2642 il
464 2600 587 2657 presente.

176 2663 290 2711 adhiberi
310 2664 349 2713 lib.
376 2664 496 2714 Trattarli
516 2664 588 2721 bene,

136 2742 332 2785 cortesemente.

176 2812 200 2854 et
223 2806 344 2854 invident.
371 2806 393 2854 Il
420 2814 537 2870 suggetto
563 2805 595 2854 dt

137 2887 229 2942 questo
238 2879 315 2926 verbo
327 2893 379 2926 non
390 2875 499 2942 equello
510 2885 589 2926 stesso

140 2949 166 2996 di
185 2953 253 3004 sunt,
274 2963 315 2995 ma
336 2949 421 3012 quello
435 2947 503 2997 della
515 2964 587 3013 prop.

138 3023 178 3069 tra
197 3020 331 3084 parentesi.
351 3021 424 3070 Sorta
445 3019 471 3067 di
496 3035 588 3068 anaco-

139 3089 200 3140 luto.

175 3176 227 3209 non
246 3160 326 3208 solum
346 3160 441 3208 nostris
459 3176 511 3210 ecc.
528 3161 586 3210 Non

136 3248 253 3296 provano
282 3231 377 3280 invidia
408 3231 463 3281 solo
490 3231 514 3280 ai
539 3233 589 3280 Ro·

137 3303 209 3352 niani
228 3303 275 3352 che
293 3319 357 3352 sono
383 3304 459 3352 amici
485 3301 526 3351 del
545 3318 588 3366 go·

139 3380 279 3431 vernatore,
297 3391 339 3422 ma
358 3373 439 3423 anche
459 3373 509 3438 agli
529 3373 585 3422 altri

135 3441 223 3494 Greci.

174 3586 323 3635 Sommarr'o.
343 3587 367 3637 Il
392 3587 455 3652 Cap.
476 3584 491 3633 6
510 3583 542 3635 d'a
561 3586 585 3634 le

137 3671 227 3706 norme
247 3658 314 3706 della
329 3659 450 3708 condutta
465 3673 534 3708 verso
549 3657 585 3720 gli

136 3727 243 3789 schiavi,
254 3745 275 3789 e,
286 3730 411 3780 riassnnro
424 3730 585 3778 brevemente

642 2592 661 2640 il
679 2591 714 2642 lin
728 2593 771 2658 qui
785 2594 904 2650 discorso,
919 2609 994 2658 passa
1007 2609 1021 2641 a
1034 2609 1090 2659 par·

641 2663 694 2712 lare
714 2663 771 2712 dell'
784 2662 952 2729 imparzialita
968 2665 1011 2714 nei
1034 2665 1090 2729 giu·

642 2735 698 2784 dizi.

681 2817 720 2869 17.
734 2807 798 2854 Iam.
813 2806 951 2870 Passaggio
971 2807 1089 2856 retrorico

643 2877 675 2926 ad
701 2877 765 2927 altro
793 2884 872 2941 punto
901 2877 942 2926 del
970 2878 1090 2942 regiona-

642 2955 736 2997 mento.

677 3019 704 3066 in
715 3019 802 3068 servis.
812 3019 913 3082 Quanto
924 3019 975 3084 agli
985 3019 1088 3069 schiavi.

679 3090 733 3150 Quo
752 3091 781 3138 de
795 3105 825 3152 g,
841 3089 891 3138 Nel
910 3090 970 3154 qual
993 3106 1089 3155 propo·

642 3160 700 3210 sito.

680 3231 763 3293 Appia
777 3231 827 3278 via.
839 3231 945 3280 Andava
958 3231 990 3280 da
1000 3231 1090 3296 Capua

645 3305 769 3352 aRoma.

666 3371 777 3434 faceres.
797 3369 893 3422 Perche
912 3389 964 3422 non
979 3373 1089 3434 saciari³

612 3493 616 3502 ,
676 3443 785 3492 Tralles.
806 3439 874 3492 Cirta
892 3445 962 3493 nella
981 3444 1065 3494 Lidia.

649 3537 652 3546 ·
676 3515 801 3562 Formias.
822 3511 889 3566 Citt'a
907 3514 950 3564 nel
970 3515 1057 3564 Lazio.

675 3587 817 3648 imperium.
828 3585 931 3644 Carica3
945 3602 987 3634 ma
999 3587 1021 3635 si
1031 3587 1089 3636 dice

639 3657 694 3708 solo
714 3656 780 3705 delle
799 3653 843 3721 pili
864 3657 922 3706 alte.

677 3725 716 3777 18.
736 3728 816 3776 nescio
841 3743 889 3790 quo
909 3733 992 3791 pacto.
1019 3729 1090 3778 Nota
