2788 4326
478 397 625 440 rris'rom
654 386 759 456 27·28.
1059 401 1099 440 ar

136 525 236 601 certi;
271 545 361 601 quem
387 544 452 603 ego,
477 526 627 603 quemad
652 526 775 585 modum
798 523 954 603 praecipis,
978 523 1101 602 privatis

140 614 250 676 litteris.
270 615 309 675 ad
332 617 445 675 bellum
476 633 634 676 commune
657 634 764 674 vocare
793 634 855 674 non
878 613 994 674 desino.
1040 613 1101 689 Qui

141 706 259 766 utinam
282 703 341 763 iam
368 705 505 766 adessetl
551 701 729 764 Intestinum
755 703 837 763 urbis
864 705 986 774 malum,
1018 703 1101 779 quod

136 803 186 854 est
211 813 272 854 non
296 793 455 868 mediocre,
482 791 580 852 minus
608 791 790 855 timeremus,
837 793 898 852 Sed
924 790 997 868 quid
1019 793 1099 869 ago?

140 885 213 943 Non
234 881 335 942 imitor
350 879 554 962 λακωνισμὸν
576 892 686 941 tuumz·
714 883 806 940 altera
822 880 880 940 iam
896 882 1011 958 pagella
1033 899 1108 959 pro·-

135 971 229 1033 cedit.
277 970 383 1046 Vince,
408 983 438 1032 et
460 974 536 1032 vale.
581 987 643 1031 xrv.
690 972 757 1030 Kal.
782 968 949 1046 Quinctilis.

594 1215 656 1282 28.

335 1383 377 1440 M.
404 1379 554 1441 CICERO
578 1382 607 1440 S.
633 1383 670 1440 D.
696 1381 740 1440 M.
765 1380 909 1441 MARIO.

185 1594 224 1652 A.
249 1592 280 1650 d.
306 1609 378 1654 vim.
402 1592 471 1651 Kal.
495 1588 527 1650 in
543 1593 712 1651 Cumanum
735 1589 805 1650 veni
821 1610 888 1652 cum
905 1591 1021 1652 Libone
1036 1603 1098 1666 tuo,

135 1682 189 1740 vel
212 1691 315 1740 nostro
339 1679 459 1758 potius;
494 1679 525 1739 in
548 1680 763 1757 Pompeianum
788 1681 884 1740 statim
908 1681 1016 1758 cogito,
1045 1684 1099 1742 sed

137 1768 246 1830 faciam
263 1779 333 1829 ante
348 1779 378 1828 te
394 1767 560 1833 certiorem.
600 1771 645 1828 Te
662 1789 730 1830 cum
746 1763 862 1845 semper
877 1771 976 1829 valere
998 1769 1096 1848 cupio,

135 1869 204 1918 tum
228 1870 317 1932 certe,
342 1859 415 1918 dum
439 1857 488 1918 hic
510 1876 632 1918 sumus:
667 1858 751 1918 vides
774 1857 863 1931 enim,
897 1870 1009 1935 quanto
1032 1872 1101 1937 post

138 1967 200 2008 una
222 1947 313 2007 futuri
336 1945 438 2007 simus.
482 1949 614 2021 Quare,
647 1946 776 2024 siquod
803 1946 997 2008 constitutum
1029 1968 1099 2010 cum

138 2037 273 2114 podagra
289 2038 391 2108 habes,
417 2039 471 2108 fac,
487 2046 521 2095 ut
536 2036 567 2095 in
582 2035 673 2096 alium
690 2036 770 2096 diem
786 2036 915 2096 diffems.
953 2038 1032 2096 Cura
1046 2037 1098 2116 igi·

135 2135 196 2199 tur,
222 2136 254 2185 ut
277 2127 383 2198 valeaS,
417 2135 447 2185 et
470 2145 518 2184 me
540 2126 599 2186 hoc
621 2125 715 2186 biduo
746 2136 797 2185 aut
823 2124 923 2185 triduo
950 2137 1097 2204 exspecta.

138 2393 273 2460 proscritto
287 2394 331 2442 dai
346 2392 484 2443 Triumviri
500 2393 532 2441 ed
546 2406 591 2439 nc·
645 2407 696 2440 non
713 2392 783 2441 molti
798 2393 859 2441 anni
872 2392 941 2457 dopo
951 2393 984 2440 da
996 2391 1097 2442 nn'eru·

135 2467 204 2522 ciso;
218 2465 261 2514 nel
271 2473 392 2528 seguente
404 2475 454 2525 712
465 2466 502 2514 M.
512 2466 590 2512 Bruto

137 2553 152 2586 e
171 2536 261 2587 Cassio
280 2537 372 2586 sumno
394 2530 490 2585 disfatti
514 2551 528 2583 a
547 2534 589 2583 Fi·

136 2607 212 2672 lippi.

172 2678 331 2727 intestinum.
357 2679 387 2726 In
406 2679 489 2727 Roma
508 2677 544 2741 gli
563 2692 588 2725 a·

136 2749 198 2798 mici
218 2749 260 2798 del
279 2750 389 2813 giovane
409 2750 548 2799 Ottaviano
567 2748 589 2796 si

136 2823 276 2886 agitavano
289 2837 335 2886 per
348 2820 483 2885 ottenergli
496 2820 515 2868 il
529 2836 588 2868 con·

133 2893 228 2942 solato.

171 2964 255 3011 altero
273 2963 324 3010 iam
342 2963 446 3027 pagella
466 2961 589 3024 procedit.

135 3033 187 3083 cia
197 3034 354 3083 incomincia
364 3031 411 3098 (=
419 3033 453 3082 ho
464 3034 589 3082 incomin·

134 3103 216 3167 cisto)
234 3105 261 3154 la
279 3106 391 3155 seconda
404 3106 508 3170 pagina.
528 3105 589 3153 Non

135 3193 213 3225 senza
232 3177 338 3241 ragione
358 3178 468 3241 adopera
481 3177 499 3224 il
514 3176 588 3224 dimi·

137 3249 233 3309 nutivo,
260 3265 286 3297 se
306 3246 396 3297 consi
415 3249 497 3312 poche
516 3245 590 3310 righe

135 3334 216 3370 aveva
242 3317 286 3384 gn
310 3319 447 3384 riempiuto
472 3334 523 3367 una
545 3333 589 3382 pa-

134 3405 205 3453 gina.

171 3457 227 3525 Ep.
238 3456 286 3514 28.
295 3462 374 3511 Dalla
388 3461 448 3510 villa
459 3462 482 3510 di
498 3461 588 3521 Cuma,

137 3529 223 3581 i'anno
243 3531 302 3593 708.

174 3603 201 3650 in
219 3603 413 3668 Pompeianum.
431 3603 504 3650 Aina
527 3603 589 3651 villa

136 3673 164 3720 di
179 3673 231 3724 Cic.
247 3675 274 3724 in
288 3675 420 3725 vicinanza
433 3677 458 3722 di
472 3675 589 3738 Pompei,

136 3742 198 3794 citri
223 3747 291 3796 delia
319 3747 462 3812 Campania
489 3744 588 3810 sepolta

644 2463 717 2511 aione
736 2463 778 2512 del
798 2463 918 2512 Vesuvio.

680 2535 766 2598 cogito.
778 2535 817 2584 Sc.
833 2535 880 2588 ire.
894 2534 980 2583 Ellissi
993 2533 1099 2600 propria

645 2605 756 2655 soltamo
775 2606 844 2655 dello
864 2606 921 2654 stile
940 2604 1074 2655 familiare.

680 2677 802 2735 vides...
837 2677 924 2726 simus.
956 2677 1000 2728 Sai
1031 2677 1097 2726 bene

644 2756 739 2812 quanto
764 2746 854 2814 (poco)
874 2755 961 2814 tempo
980 2749 1003 2797 ci
1024 2747 1097 2798 vorra
1127 2759 1130 2765 '

643 2817 737 2885 perche
745 2822 874 2884 possiamo
885 2836 967 2868 essere
980 2819 1096 2868 insieme.

678 2892 790 2953 siquod
809 2897 886 2940 const.
911 2891 1021 2953 Aliquid
1038 2906 1096 2938 con·

643 2961 761 3009 stitutum
789 2962 878 3010 habere
899 2962 1033 3026 significa:
1058 2977 1097 3012 es·

644 3035 706 3082 sersi
726 3034 858 3098 obbligato
878 3049 928 3082 con
947 3033 1004 3082 altri
1024 3049 1039 3080 a
1058 3031 1096 3084 sar

644 3104 754 3168 qualche
773 3120 833 3154 cosa
850 3106 881 3153 ad
900 3120 952 3152 una
964 3103 1023 3154 data
1041 3119 1095 3153 sca·

645 3177 725 3224 denza
731 3173 816 3238 (come
826 3192 920 3241 pagare
928 3191 978 3224 una
987 3191 1095 3237 somma,

645 3264 660 3295 o
672 3246 775 3308 simile).
787 3248 883 3310 Questo
894 3247 1001 3296 termine
1011 3245 1097 3310 legale

645 3315 659 3366 ὲ
678 3319 711 3366 da
724 3318 850 3368 Cicerone
868 3318 998 3382 applicato
1010 3316 1095 3366 scher—
1170 3329 1172 3334 '

644 3397 789 3438 zosamente
804 3389 854 3436 alla
868 3391 995 3452 podagra:
1011 3387 1096 3438 sebai

644 3459 753 3525 qualche
764 3461 886 3524 impegno
896 3460 964 3508 colla
971 3467 1014 3509 tua
1023 3466 1097 3523 gotta

643 3527 712 3595 (eioe
733 3547 761 3580 se
786 3531 801 3580 l'
814 3532 910 3580 attendi
936 3547 950 3579 a
975 3546 1009 3580 un
1034 3530 1097 3580 dato

643 3599 755 3668 giorno)„
775 3604 801 3652 fa
819 3603 844 3651 di
864 3601 1028 3651 rimandarlo.

679 3673 1103 3724 mmmmfflmo

643 3751 680 3796 tre
698 3745 791 3812 giomi.
