<?xml version="1.0" encoding="UTF-8"?>
<!DOCTYPE html PUBLIC "-//W3C//DTD XHTML 1.0 Transitional//EN"
    "http://www.w3.org/TR/xhtml1/DTD/xhtml1-transitional.dtd">
<html xmlns="http://www.w3.org/1999/xhtml" xml:lang="en" lang="en">
 <head>
  <title>
</title>
<meta http-equiv="Content-Type" content="text/html;charset=utf-8" />
  <meta name='ocr-system' content='tesseract 3.04.00' />
  <meta name='ocr-capabilities' content='ocr_page ocr_carea ocr_par ocr_line ocrx_word'/>
</head>
<body>
  <div class='ocr_page' id='page_1' title='image "./epistulaeselect00fumagoog_0074.png"; bbox 0 0 2788 4326; ppageno 0'>
   <div class='ocr_carea' id='block_1_1' title="bbox 747 245 865 285">
    <p class='ocr_par' dir='ltr' id='par_1_1' title="bbox 747 245 865 285">
     <span class='ocr_line' id='line_1_1' title="bbox 747 245 865 285; baseline 0 0"><span class='ocrx_word' id='word_1_1' title='bbox 747 261 749 265; x_wconf 67' lang='grc'>’</span> <span class='ocrx_word' id='word_1_2' title='bbox 848 245 865 285; x_wconf 58' lang='grc' dir='ltr'><strong>β</strong></span> 
     </span>
    </p>
   </div>
   <div class='ocr_carea' id='block_1_2' title="bbox 463 349 1090 426">
    <p class='ocr_par' dir='ltr' id='par_1_2' title="bbox 463 349 1090 426">
     <span class='ocr_line' id='line_1_2' title="bbox 463 349 1090 426; baseline 0.006 -22"><span class='ocrx_word' id='word_1_3' title='bbox 463 363 610 405; x_wconf 76' lang='lat' dir='ltr'><strong>EPISTULA</strong></span> <span class='ocrx_word' id='word_1_4' title='bbox 637 349 746 424; x_wconf 85' lang='lat'><strong>56·57.</strong></span> <span class='ocrx_word' id='word_1_5' title='bbox 1050 351 1090 426; x_wconf 78' lang='lat'><strong>67</strong></span> 
     </span>
    </p>
   </div>
   <div class='ocr_carea' id='block_1_3' title="bbox 63 480 1129 749">
    <p class='ocr_par' dir='ltr' id='par_1_3' title="bbox 63 480 1129 749">
     <span class='ocr_line' id='line_1_3' title="bbox 63 480 1084 568; baseline 0.006 -20"><span class='ocrx_word' id='word_1_6' title='bbox 63 480 65 486; x_wconf 74' lang='grc'><strong>’</strong></span> <span class='ocrx_word' id='word_1_7' title='bbox 123 487 343 568; x_wconf 83' lang='lat' dir='ltr'><strong>pedetemptim</strong></span> <span class='ocrx_word' id='word_1_8' title='bbox 367 497 396 548; x_wconf 92' lang='lat' dir='ltr'><strong>et</strong></span> <span class='ocrx_word' id='word_1_9' title='bbox 419 489 564 568; x_wconf 75' lang='lat' dir='ltr'><strong>gradatim</strong></span> <span class='ocrx_word' id='word_1_10' title='bbox 579 500 643 549; x_wconf 90' lang='lat' dir='ltr'><strong>tum</strong></span> <span class='ocrx_word' id='word_1_11' title='bbox 664 508 834 551; x_wconf 90' lang='lat' dir='ltr'><strong>accessusa</strong></span> <span class='ocrx_word' id='word_1_12' title='bbox 856 502 886 551; x_wconf 87' lang='lat' dir='ltr'><strong>te</strong></span> <span class='ocrx_word' id='word_1_13' title='bbox 909 492 948 551; x_wconf 90' lang='lat' dir='ltr'><strong>ad</strong></span> <span class='ocrx_word' id='word_1_14' title='bbox 964 511 1084 554; x_wconf 86' lang='lat' dir='ltr'><strong>causam</strong></span> 
     </span>
     <span class='ocr_line' id='line_1_4' title="bbox 124 577 1085 657; baseline 0.002 -19"><span class='ocrx_word' id='word_1_15' title='bbox 124 577 206 651; x_wconf 80' lang='lat' dir='ltr'><strong>facti,</strong></span> <span class='ocrx_word' id='word_1_16' title='bbox 230 587 294 636; x_wconf 91' lang='lat' dir='ltr'><strong>tum</strong></span> <span class='ocrx_word' id='word_1_17' title='bbox 323 597 464 653; x_wconf 88' lang='lat' dir='ltr'>recessus,</span> <span class='ocrx_word' id='word_1_18' title='bbox 498 589 530 638; x_wconf 92' lang='lat' dir='ltr'><strong>ut</strong></span> <span class='ocrx_word' id='word_1_19' title='bbox 552 599 599 639; x_wconf 88' lang='lat' dir='ltr'><strong>res</strong></span> <span class='ocrx_word' id='word_1_20' title='bbox 621 578 687 657; x_wconf 91' lang='lat' dir='ltr'><strong>ipsa</strong></span> <span class='ocrx_word' id='word_1_21' title='bbox 716 578 915 640; x_wconf 79' lang='lat' dir='ltr'><strong>maturitatem</strong></span> <span class='ocrx_word' id='word_1_22' title='bbox 943 579 998 640; x_wconf 92' lang='lat' dir='ltr'><strong>tibi</strong></span> <span class='ocrx_word' id='word_1_23' title='bbox 1023 581 1085 640; x_wconf 87' lang='lat' dir='ltr'><strong>ani-</strong></span> 
     </span>
     <span class='ocr_line' id='line_1_5' title="bbox 126 666 1129 749; baseline 0.006 -21"><span class='ocrx_word' id='word_1_24' title='bbox 126 666 335 728; x_wconf 86' lang='lat' dir='ltr'><strong>madvertendi</strong></span> <span class='ocrx_word' id='word_1_25' title='bbox 358 666 492 727; x_wconf 89' lang='lat' dir='ltr'><strong>omnium</strong></span> <span class='ocrx_word' id='word_1_26' title='bbox 515 688 658 729; x_wconf 89' lang='lat' dir='ltr'><strong>concessu</strong></span> <span class='ocrx_word' id='word_1_27' title='bbox 680 670 773 730; x_wconf 88' lang='lat' dir='ltr'><strong>daret.</strong></span> <span class='ocrx_word' id='word_1_28' title='bbox 828 669 973 729; x_wconf 85' lang='lat' dir='ltr'><strong>Liberasti</strong></span> <span class='ocrx_word' id='word_1_29' title='bbox 996 668 1085 749; x_wconf 84' lang='lat' dir='ltr'><strong>igitur</strong></span> <span class='ocrx_word' id='word_1_30' title='bbox 1108 676 1129 734; x_wconf 82' lang='lat'><strong>8</strong></span> 
     </span>
    </p>
   </div>
   <div class='ocr_carea' id='block_1_4' title="bbox 27 755 1173 836">
    <p class='ocr_par' dir='ltr' id='par_1_4' title="bbox 27 755 1173 836">
     <span class='ocr_line' id='line_1_6' title="bbox 27 755 1173 836; baseline 0.004 -21"><span class='ocrx_word' id='word_1_31' title='bbox 27 793 30 799; x_wconf 89' lang='lat'>-</span> <span class='ocrx_word' id='word_1_32' title='bbox 124 766 158 816; x_wconf 88' lang='lat' dir='ltr'><strong>et</strong></span> <span class='ocrx_word' id='word_1_33' title='bbox 181 757 287 816; x_wconf 85' lang='lat' dir='ltr'><strong>urbem</strong></span> <span class='ocrx_word' id='word_1_34' title='bbox 311 755 443 833; x_wconf 63' lang='lat' dir='ltr'><strong>periculo</strong></span> <span class='ocrx_word' id='word_1_35' title='bbox 467 767 497 818; x_wconf 91' lang='lat' dir='ltr'><strong>et</strong></span> <span class='ocrx_word' id='word_1_36' title='bbox 519 755 669 818; x_wconf 90' lang='lat' dir='ltr'><strong>civitatem</strong></span> <span class='ocrx_word' id='word_1_37' title='bbox 692 768 783 830; x_wconf 87' lang='lat' dir='ltr'><strong>metu,</strong></span> <span class='ocrx_word' id='word_1_38' title='bbox 805 777 904 836; x_wconf 91' lang='lat' dir='ltr'><strong>neque</strong></span> <span class='ocrx_word' id='word_1_39' title='bbox 927 761 1023 819; x_wconf 92' lang='lat' dir='ltr'><strong>solum</strong></span> <span class='ocrx_word' id='word_1_40' title='bbox 1046 760 1086 820; x_wconf 86' lang='lat' dir='ltr'><strong>ad</strong></span> <span class='ocrx_word' id='word_1_41' title='bbox 1171 779 1173 784; x_wconf 92' lang='lat'>·</span> 
     </span>
    </p>
   </div>
   <div class='ocr_carea' id='block_1_5' title="bbox 126 843 1086 921">
    <p class='ocr_par' dir='ltr' id='par_1_5' title="bbox 126 843 1086 921">
     <span class='ocr_line' id='line_1_7' title="bbox 126 843 1086 921; baseline 0.005 -18"><span class='ocrx_word' id='word_1_42' title='bbox 126 855 247 921; x_wconf 87' lang='lat' dir='ltr'><strong>tempus</strong></span> <span class='ocrx_word' id='word_1_43' title='bbox 262 843 421 904; x_wconf 83' lang='lat' dir='ltr'><strong>maximam</strong></span> <span class='ocrx_word' id='word_1_44' title='bbox 437 844 595 906; x_wconf 86' lang='lat' dir='ltr'><strong>utilitatem</strong></span> <span class='ocrx_word' id='word_1_45' title='bbox 610 845 742 921; x_wconf 85' lang='lat' dir='ltr'><strong>attulisti,</strong></span> <span class='ocrx_word' id='word_1_46' title='bbox 759 847 813 907; x_wconf 88' lang='lat' dir='ltr'><strong>sed</strong></span> <span class='ocrx_word' id='word_1_47' title='bbox 828 846 918 907; x_wconf 87' lang='lat' dir='ltr'><strong>etiam</strong></span> <span class='ocrx_word' id='word_1_48' title='bbox 933 849 972 907; x_wconf 89' lang='lat' dir='ltr'><strong>ad</strong></span> <span class='ocrx_word' id='word_1_49' title='bbox 989 867 1086 908; x_wconf 84' lang='lat' dir='ltr'><strong>exem·</strong></span> 
     </span>
    </p>
   </div>
   <div class='ocr_carea' id='block_1_6' title="bbox 17 935 1087 1014">
    <p class='ocr_par' dir='ltr' id='par_1_6' title="bbox 17 935 1087 1014">
     <span class='ocr_line' id='line_1_8' title="bbox 17 935 1087 1014; baseline 0.004 -22"><span class='ocrx_word' id='word_1_50' title='bbox 17 995 21 1003; x_wconf 70' lang='grc'><strong>,</strong></span> <span class='ocrx_word' id='word_1_51' title='bbox 127 935 223 1011; x_wconf 80' lang='lat' dir='ltr'><strong>plum.</strong></span> <span class='ocrx_word' id='word_1_52' title='bbox 269 935 339 1009; x_wconf 89' lang='lat' dir='ltr'><strong>Quo</strong></span> <span class='ocrx_word' id='word_1_53' title='bbox 362 937 440 994; x_wconf 87' lang='lat' dir='ltr'><strong>facto</strong></span> <span class='ocrx_word' id='word_1_54' title='bbox 464 935 635 1012; x_wconf 68' lang='lat' dir='ltr'><strong>intellegEre</strong></span> <span class='ocrx_word' id='word_1_55' title='bbox 651 937 746 996; x_wconf 90' lang='lat' dir='ltr'><strong>debes</strong></span> <span class='ocrx_word' id='word_1_56' title='bbox 767 935 798 995; x_wconf 91' lang='lat' dir='ltr'><strong>in</strong></span> <span class='ocrx_word' id='word_1_57' title='bbox 822 947 852 996; x_wconf 90' lang='lat' dir='ltr'><strong>te</strong></span> <span class='ocrx_word' id='word_1_58' title='bbox 875 935 1001 1014; x_wconf 84' lang='lat' dir='ltr'><strong>positam</strong></span> <span class='ocrx_word' id='word_1_59' title='bbox 1022 955 1087 997; x_wconf 88' lang='lat' dir='ltr'><strong>esse</strong></span> 
     </span>
    </p>
   </div>
   <div class='ocr_carea' id='block_1_7' title="bbox 126 1023 1089 1460">
    <p class='ocr_par' dir='ltr' id='par_1_7' title="bbox 126 1023 1089 1460">
     <span class='ocr_line' id='line_1_9' title="bbox 126 1023 1087 1102; baseline 0.005 -21"><span class='ocrx_word' id='word_1_60' title='bbox 126 1041 191 1090; x_wconf 88' lang='lat' dir='ltr'><strong>rem</strong></span> <span class='ocrx_word' id='word_1_61' title='bbox 214 1023 373 1100; x_wconf 83' lang='lat' dir='ltr'><strong>publicam,</strong></span> <span class='ocrx_word' id='word_1_62' title='bbox 398 1023 512 1102; x_wconf 89' lang='lat' dir='ltr'><strong>tibique</strong></span> <span class='ocrx_word' id='word_1_63' title='bbox 543 1043 605 1084; x_wconf 90' lang='lat' dir='ltr'><strong>non</strong></span> <span class='ocrx_word' id='word_1_64' title='bbox 635 1026 727 1085; x_wconf 90' lang='lat' dir='ltr'><strong>modo</strong></span> <span class='ocrx_word' id='word_1_65' title='bbox 751 1025 888 1101; x_wconf 90' lang='lat' dir='ltr'><strong>tuendos,</strong></span> <span class='ocrx_word' id='word_1_66' title='bbox 918 1027 971 1086; x_wconf 89' lang='lat' dir='ltr'><strong>sed</strong></span> <span class='ocrx_word' id='word_1_67' title='bbox 998 1024 1087 1086; x_wconf 90' lang='lat' dir='ltr'><strong>etiarn</strong></span> 
     </span>
     <span class='ocr_line' id='line_1_10' title="bbox 126 1111 1088 1191; baseline 0.002 -19"><span class='ocrx_word' id='word_1_68' title='bbox 126 1112 280 1172; x_wconf 88' lang='lat' dir='ltr'><strong>ornandos</strong></span> <span class='ocrx_word' id='word_1_69' title='bbox 303 1131 367 1172; x_wconf 85' lang='lat' dir='ltr'><strong>esse</strong></span> <span class='ocrx_word' id='word_1_70' title='bbox 397 1113 463 1174; x_wconf 92' lang='lat' dir='ltr'><strong>illos</strong></span> <span class='ocrx_word' id='word_1_71' title='bbox 492 1111 579 1185; x_wconf 86' lang='lat' dir='ltr'><strong>viros,</strong></span> <span class='ocrx_word' id='word_1_72' title='bbox 608 1132 626 1173; x_wconf 91' lang='lat' dir='ltr'><strong>a</strong></span> <span class='ocrx_word' id='word_1_73' title='bbox 656 1113 765 1191; x_wconf 91' lang='lat' dir='ltr'><strong>quibus</strong></span> <span class='ocrx_word' id='word_1_74' title='bbox 796 1112 913 1175; x_wconf 88' lang='lat' dir='ltr'><strong>initium</strong></span> <span class='ocrx_word' id='word_1_75' title='bbox 944 1113 1088 1176; x_wconf 89' lang='lat' dir='ltr'><strong>libertatis</strong></span> 
     </span>
     <span class='ocr_line' id='line_1_11' title="bbox 128 1201 1087 1283; baseline 0.005 -24"><span class='ocrx_word' id='word_1_76' title='bbox 128 1201 295 1278; x_wconf 88' lang='lat' dir='ltr'><strong>profectum</strong></span> <span class='ocrx_word' id='word_1_77' title='bbox 318 1212 372 1263; x_wconf 93' lang='lat' dir='ltr'><strong>est.</strong></span> <span class='ocrx_word' id='word_1_78' title='bbox 419 1204 479 1263; x_wconf 89' lang='lat' dir='ltr'><strong>Sed</strong></span> <span class='ocrx_word' id='word_1_79' title='bbox 502 1201 548 1262; x_wconf 93' lang='lat' dir='ltr'><strong>his</strong></span> <span class='ocrx_word' id='word_1_80' title='bbox 572 1203 610 1262; x_wconf 88' lang='lat' dir='ltr'><strong>de</strong></span> <span class='ocrx_word' id='word_1_81' title='bbox 632 1205 723 1262; x_wconf 89' lang='lat' dir='ltr'><strong>rebus</strong></span> <span class='ocrx_word' id='word_1_82' title='bbox 745 1222 845 1263; x_wconf 88' lang='lat' dir='ltr'><strong>coram</strong></span> <span class='ocrx_word' id='word_1_83' title='bbox 871 1205 957 1281; x_wconf 91' lang='lat' dir='ltr'><strong>plura</strong></span> <span class='ocrx_word' id='word_1_84' title='bbox 980 1223 1087 1283; x_wconf 90' lang='lat' dir='ltr'><strong>prope·</strong></span> 
     </span>
     <span class='ocr_line' id='line_1_12' title="bbox 128 1289 1088 1371; baseline 0.005 -22"><span class='ocrx_word' id='word_1_85' title='bbox 128 1289 227 1363; x_wconf 74' lang='lat' dir='ltr'><strong>diem,¹</strong></span> <span class='ocrx_word' id='word_1_86' title='bbox 244 1300 277 1352; x_wconf 90' lang='lat' dir='ltr'><strong>ut</strong></span> <span class='ocrx_word' id='word_1_87' title='bbox 300 1310 396 1367; x_wconf 87' lang='lat' dir='ltr'><strong>spero.</strong></span> <span class='ocrx_word' id='word_1_88' title='bbox 444 1294 501 1364; x_wconf 92' lang='lat' dir='ltr'><strong>Tu,</strong></span> <span class='ocrx_word' id='word_1_89' title='bbox 536 1291 679 1369; x_wconf 89' lang='lat' dir='ltr'><strong>quoniam</strong></span> <span class='ocrx_word' id='word_1_90' title='bbox 693 1307 771 1351; x_wconf 71' lang='lat' dir='ltr'><strong>&#39;rem</strong></span> <span class='ocrx_word' id='word_1_91' title='bbox 793 1292 944 1370; x_wconf 89' lang='lat' dir='ltr'><strong>publicam</strong></span> <span class='ocrx_word' id='word_1_92' title='bbox 972 1311 1088 1371; x_wconf 89' lang='lat' dir='ltr'><strong>nosque</strong></span> 
     </span>
     <span class='ocr_line' id='line_1_13' title="bbox 126 1378 1089 1460; baseline 0.003 -20"><span class='ocrx_word' id='word_1_93' title='bbox 126 1397 300 1454; x_wconf 83' lang='lat' dir='ltr'><strong>conservas,</strong></span> <span class='ocrx_word' id='word_1_94' title='bbox 321 1382 367 1440; x_wconf 87' lang='lat' dir='ltr'><strong>fac</strong></span> <span class='ocrx_word' id='word_1_95' title='bbox 389 1391 423 1440; x_wconf 90' lang='lat' dir='ltr'><strong>ut</strong></span> <span class='ocrx_word' id='word_1_96' title='bbox 441 1378 665 1458; x_wconf 85' lang='lat' dir='ltr'><strong>diligentissime</strong></span> <span class='ocrx_word' id='word_1_97' title='bbox 685 1392 715 1441; x_wconf 90' lang='lat' dir='ltr'><strong>te</strong></span> <span class='ocrx_word' id='word_1_98' title='bbox 732 1380 838 1460; x_wconf 91' lang='lat' dir='ltr'><strong>ipsum,</strong></span> <span class='ocrx_word' id='word_1_99' title='bbox 863 1381 905 1442; x_wconf 90' lang='lat' dir='ltr'><strong>mi</strong></span> <span class='ocrx_word' id='word_1_100' title='bbox 920 1384 1089 1457; x_wconf 88' lang='lat' dir='ltr'><strong>Dolabella,</strong></span> 
     </span>
    </p>
   </div>
   <div class='ocr_carea' id='block_1_8' title="bbox 124 1467 289 1529">
    <p class='ocr_par' dir='ltr' id='par_1_8' title="bbox 124 1467 289 1529">
     <span class='ocr_line' id='line_1_14' title="bbox 124 1467 289 1529; baseline 0 -1"><span class='ocrx_word' id='word_1_101' title='bbox 124 1467 289 1529; x_wconf 81' lang='lat' dir='ltr'><strong>custodias.</strong></span> 
     </span>
    </p>
   </div>
   <div class='ocr_carea' id='block_1_9' title="bbox 393 1808 888 1899">
    <p class='ocr_par' dir='ltr' id='par_1_9' title="bbox 393 1808 888 1899">
     <span class='ocr_line' id='line_1_15' title="bbox 393 1808 888 1899; baseline 0.008 -28"><span class='ocrx_word' id='word_1_102' title='bbox 393 1808 545 1872; x_wconf 73' lang='lat' dir='ltr'><strong>cresso</strong></span> <span class='ocrx_word' id='word_1_103' title='bbox 569 1812 782 1874; x_wconf 74' lang='lat' dir='ltr'><strong>TREBONIO</strong></span> <span class='ocrx_word' id='word_1_104' title='bbox 804 1816 834 1875; x_wconf 76' lang='lat' dir='ltr'><strong>s,</strong></span> <span class='ocrx_word' id='word_1_105' title='bbox 883 1889 888 1899; x_wconf 26' lang='grc' dir='ltr'>Ι</span> 
     </span>
    </p>
   </div>
   <div class='ocr_carea' id='block_1_10' title="bbox 131 2006 1133 2265">
    <p class='ocr_par' dir='ltr' id='par_1_10' title="bbox 131 2006 1133 2265">
     <span class='ocr_line' id='line_1_16' title="bbox 176 2006 1133 2088; baseline 0.005 -21"><span class='ocrx_word' id='word_1_106' title='bbox 176 2009 275 2083; x_wconf 90' lang='lat' dir='ltr'><strong>Quam</strong></span> <span class='ocrx_word' id='word_1_107' title='bbox 299 2008 407 2067; x_wconf 89' lang='lat' dir='ltr'><strong>vellem</strong></span> <span class='ocrx_word' id='word_1_108' title='bbox 430 2008 469 2067; x_wconf 87' lang='lat' dir='ltr'><strong>ad</strong></span> <span class='ocrx_word' id='word_1_109' title='bbox 492 2006 556 2068; x_wconf 90' lang='lat' dir='ltr'><strong>illas</strong></span> <span class='ocrx_word' id='word_1_110' title='bbox 582 2009 797 2086; x_wconf 88' lang='lat' dir='ltr'><strong>pulcherrimas</strong></span> <span class='ocrx_word' id='word_1_111' title='bbox 827 2012 929 2088; x_wconf 89' lang='lat' dir='ltr'><strong>epulas</strong></span> <span class='ocrx_word' id='word_1_112' title='bbox 956 2029 1005 2070; x_wconf 89' lang='lat' dir='ltr'><strong>me</strong></span> <span class='ocrx_word' id='word_1_113' title='bbox 1033 2009 1092 2070; x_wconf 90' lang='lat' dir='ltr'><strong>Idi·</strong></span> <span class='ocrx_word' id='word_1_114' title='bbox 1118 2032 1133 2072; x_wconf 91' lang='lat'>1</span> 
     </span>
     <span class='ocr_line' id='line_1_17' title="bbox 131 2095 1091 2176; baseline 0.005 -20"><span class='ocrx_word' id='word_1_115' title='bbox 131 2097 189 2156; x_wconf 92' lang='lat' dir='ltr'><strong>bus</strong></span> <span class='ocrx_word' id='word_1_116' title='bbox 212 2095 328 2156; x_wconf 90' lang='lat' dir='ltr'><strong>Martiis</strong></span> <span class='ocrx_word' id='word_1_117' title='bbox 349 2095 524 2158; x_wconf 87' lang='lat' dir='ltr'><strong>invitassesl</strong></span> <span class='ocrx_word' id='word_1_118' title='bbox 571 2097 777 2176; x_wconf 86' lang='lat' dir='ltr'><strong>Reliquiarum</strong></span> <span class='ocrx_word' id='word_1_119' title='bbox 806 2099 880 2159; x_wconf 92' lang='lat' dir='ltr'><strong>nihil</strong></span> <span class='ocrx_word' id='word_1_120' title='bbox 904 2101 1091 2161; x_wconf 86' lang='lat' dir='ltr'><strong>haberemus.</strong></span> 
     </span>
     <span class='ocr_line' id='line_1_18' title="bbox 132 2185 1095 2265; baseline 0.005 -21"><span class='ocrx_word' id='word_1_121' title='bbox 132 2189 174 2245; x_wconf 90' lang='lat' dir='ltr'><strong>At</strong></span> <span class='ocrx_word' id='word_1_122' title='bbox 196 2205 279 2246; x_wconf 88' lang='lat' dir='ltr'><strong>nunc</strong></span> <span class='ocrx_word' id='word_1_123' title='bbox 301 2205 369 2246; x_wconf 92' lang='lat' dir='ltr'><strong>cum</strong></span> <span class='ocrx_word' id='word_1_124' title='bbox 392 2185 427 2245; x_wconf 91' lang='lat' dir='ltr'><strong>iis</strong></span> <span class='ocrx_word' id='word_1_125' title='bbox 451 2197 566 2247; x_wconf 90' lang='lat' dir='ltr'><strong>tantum</strong></span> <span class='ocrx_word' id='word_1_126' title='bbox 590 2187 702 2265; x_wconf 85' lang='lat' dir='ltr'><strong>negotii</strong></span> <span class='ocrx_word' id='word_1_127' title='bbox 725 2200 777 2262; x_wconf 90' lang='lat' dir='ltr'><strong>est,</strong></span> <span class='ocrx_word' id='word_1_128' title='bbox 809 2199 843 2248; x_wconf 92' lang='lat' dir='ltr'><strong>ut</strong></span> <span class='ocrx_word' id='word_1_129' title='bbox 866 2199 994 2249; x_wconf 91' lang='lat' dir='ltr'><strong>vestrum</strong></span> <span class='ocrx_word' id='word_1_130' title='bbox 1019 2188 1095 2249; x_wconf 92' lang='lat' dir='ltr'><strong>illud</strong></span> 
     </span>
    </p>
   </div>
   <div class='ocr_carea' id='block_1_11' title="bbox 129 2434 589 3638">
    <p class='ocr_par' dir='ltr' id='par_1_11' title="bbox 129 2434 587 2767">
     <span class='ocr_line' id='line_1_19' title="bbox 169 2434 586 2486; baseline 0.01 -6"><span class='ocrx_word' id='word_1_131' title='bbox 169 2447 282 2481; x_wconf 87' lang='lat' dir='ltr'><strong>accessus</strong></span> <span class='ocrx_word' id='word_1_132' title='bbox 293 2466 299 2480; x_wconf 93' lang='lat'>.</span> <span class='ocrx_word' id='word_1_133' title='bbox 311 2468 317 2480; x_wconf 94' lang='lat'>.</span> <span class='ocrx_word' id='word_1_134' title='bbox 329 2469 334 2483; x_wconf 90' lang='lat'>.</span> <span class='ocrx_word' id='word_1_135' title='bbox 349 2449 468 2484; x_wconf 77' lang='lat' dir='ltr'><strong>recessus.</strong></span> <span class='ocrx_word' id='word_1_136' title='bbox 481 2434 586 2486; x_wconf 88' lang='lat' dir='ltr'><strong>L&#39;acco-</strong></span> 
     </span>
     <span class='ocr_line' id='line_1_20' title="bbox 130 2505 586 2570; baseline 0.002 -16"><span class='ocrx_word' id='word_1_137' title='bbox 130 2505 205 2554; x_wconf 84' lang='lat' dir='ltr'><strong>starsi</strong></span> <span class='ocrx_word' id='word_1_138' title='bbox 225 2521 241 2553; x_wconf 89' lang='lat' dir='ltr'><strong>a</strong></span> <span class='ocrx_word' id='word_1_139' title='bbox 260 2520 326 2569; x_wconf 89' lang='lat' dir='ltr'><strong>poco</strong></span> <span class='ocrx_word' id='word_1_140' title='bbox 346 2522 360 2553; x_wconf 85' lang='lat' dir='ltr'><strong>a</strong></span> <span class='ocrx_word' id='word_1_141' title='bbox 379 2521 445 2570; x_wconf 90' lang='lat' dir='ltr'><strong>poco</strong></span> <span class='ocrx_word' id='word_1_142' title='bbox 468 2506 492 2554; x_wconf 90' lang='lat' dir='ltr'><strong>al</strong></span> <span class='ocrx_word' id='word_1_143' title='bbox 518 2515 586 2556; x_wconf 88' lang='lat' dir='ltr'><strong>tema</strong></span> 
     </span>
     <span class='ocr_line' id='line_1_21' title="bbox 129 2576 587 2628; baseline 0 -2"><span class='ocrx_word' id='word_1_144' title='bbox 129 2591 148 2626; x_wconf 86' lang='lat' dir='ltr'><strong>e</strong></span> <span class='ocrx_word' id='word_1_145' title='bbox 168 2576 186 2624; x_wconf 93' lang='lat' dir='ltr'><strong>il</strong></span> <span class='ocrx_word' id='word_1_146' title='bbox 205 2576 397 2626; x_wconf 83' lang='lat' dir='ltr'><strong>discostarsene.</strong></span> <span class='ocrx_word' id='word_1_147' title='bbox 411 2578 449 2628; x_wconf 87' lang='lat' dir='ltr'><strong>La</strong></span> <span class='ocrx_word' id='word_1_148' title='bbox 463 2578 587 2628; x_wconf 87' lang='lat' dir='ltr'><strong>metafora</strong></span> 
     </span>
     <span class='ocr_line' id='line_1_22' title="bbox 134 2645 587 2699; baseline 0.002 -3"><span class='ocrx_word' id='word_1_149' title='bbox 134 2645 148 2696; x_wconf 77' lang='grc' dir='ltr'>ὲ</span> <span class='ocrx_word' id='word_1_150' title='bbox 168 2646 231 2695; x_wconf 81' lang='lat' dir='ltr'><strong>tolla</strong></span> <span class='ocrx_word' id='word_1_151' title='bbox 250 2647 292 2695; x_wconf 88' lang='lat' dir='ltr'><strong>dal</strong></span> <span class='ocrx_word' id='word_1_152' title='bbox 312 2649 388 2696; x_wconf 88' lang='lat' dir='ltr'><strong>flusso</strong></span> <span class='ocrx_word' id='word_1_153' title='bbox 406 2649 531 2699; x_wconf 87' lang='lat' dir='ltr'><strong>eriflusso</strong></span> <span class='ocrx_word' id='word_1_154' title='bbox 545 2649 587 2698; x_wconf 88' lang='lat' dir='ltr'><strong>del</strong></span> 
     </span>
     <span class='ocr_line' id='line_1_23' title="bbox 133 2733 213 2767; baseline -0.013 -1"><span class='ocrx_word' id='word_1_155' title='bbox 133 2733 213 2767; x_wconf 87' lang='lat' dir='ltr'><strong>mare.</strong></span> 
     </span>
    </p>

    <p class='ocr_par' dir='ltr' id='par_1_12' title="bbox 168 2789 586 2851">
     <span class='ocr_line' id='line_1_24' title="bbox 168 2789 586 2851; baseline 0.005 -13"><span class='ocrx_word' id='word_1_156' title='bbox 168 2804 211 2838; x_wconf 84' lang='lat' dir='ltr'><strong>res</strong></span> <span class='ocrx_word' id='word_1_157' title='bbox 223 2789 286 2851; x_wconf 70' lang='lat' dir='ltr'><strong>ipsa</strong></span> <span class='ocrx_word' id='word_1_158' title='bbox 298 2790 336 2839; x_wconf 87' lang='lat' dir='ltr'><strong>La</strong></span> <span class='ocrx_word' id='word_1_159' title='bbox 346 2791 486 2840; x_wconf 83' lang='lat' dir='ltr'><strong>situazione</strong></span> <span class='ocrx_word' id='word_1_160' title='bbox 498 2797 586 2842; x_wconf 82' lang='lat' dir='ltr'><strong>stessa.</strong></span> 
     </span>
    </p>

    <p class='ocr_par' dir='ltr' id='par_1_13' title="bbox 134 2859 588 3053">
     <span class='ocr_line' id='line_1_25' title="bbox 170 2859 585 2925; baseline 0.012 -18"><span class='ocrx_word' id='word_1_161' title='bbox 170 2859 194 2910; x_wconf 90' lang='lat'><strong>8.</strong></span> <span class='ocrx_word' id='word_1_162' title='bbox 209 2859 245 2908; x_wconf 82' lang='lat' dir='ltr'><strong>od</strong></span> <span class='ocrx_word' id='word_1_163' title='bbox 261 2862 409 2925; x_wconf 81' lang='lat' dir='ltr'><strong>exemplum.</strong></span> <span class='ocrx_word' id='word_1_164' title='bbox 423 2862 469 2912; x_wconf 91' lang='lat' dir='ltr'><strong>Pel</strong></span> <span class='ocrx_word' id='word_1_165' title='bbox 483 2863 585 2921; x_wconf 80' lang='lat' dir='ltr'><strong>futuro;</strong></span> 
     </span>
     <span class='ocr_line' id='line_1_26' title="bbox 134 2929 588 3000; baseline 0.007 -20"><span class='ocrx_word' id='word_1_166' title='bbox 134 2929 228 2996; x_wconf 75' lang='lat' dir='ltr'><strong>perche</strong></span> <span class='ocrx_word' id='word_1_167' title='bbox 256 2933 349 2983; x_wconf 72' lang='lat' dir='ltr'><strong>testera</strong></span> <span class='ocrx_word' id='word_1_168' title='bbox 376 2949 450 2983; x_wconf 86' lang='lat' dir='ltr'><strong>come</strong></span> <span class='ocrx_word' id='word_1_169' title='bbox 473 2935 588 3000; x_wconf 90' lang='lat' dir='ltr'><strong>esempio</strong></span> 
     </span>
     <span class='ocr_line' id='line_1_27' title="bbox 134 3003 296 3053; baseline 0 -2"><span class='ocrx_word' id='word_1_170' title='bbox 134 3004 169 3051; x_wconf 88' lang='lat' dir='ltr'><strong>da</strong></span> <span class='ocrx_word' id='word_1_171' title='bbox 187 3003 296 3053; x_wconf 87' lang='lat' dir='ltr'><strong>imitare.</strong></span> 
     </span>
    </p>

    <p class='ocr_par' dir='ltr' id='par_1_14' title="bbox 171 3074 526 3140">
     <span class='ocr_line' id='line_1_28' title="bbox 171 3074 526 3140; baseline 0.008 -18"><span class='ocrx_word' id='word_1_172' title='bbox 171 3074 228 3122; x_wconf 85' lang='lat' dir='ltr'><strong>illos</strong></span> <span class='ocrx_word' id='word_1_173' title='bbox 246 3076 324 3124; x_wconf 80' lang='lat' dir='ltr'><strong>viros.</strong></span> <span class='ocrx_word' id='word_1_174' title='bbox 343 3077 356 3125; x_wconf 92' lang='lat'>1</span> <span class='ocrx_word' id='word_1_175' title='bbox 376 3076 526 3140; x_wconf 88' lang='lat' dir='ltr'><strong>congiurati.</strong></span> 
     </span>
    </p>

    <p class='ocr_par' dir='ltr' id='par_1_15' title="bbox 134 3147 589 3340">
     <span class='ocr_line' id='line_1_29' title="bbox 170 3147 587 3212; baseline 0.005 -18"><span class='ocrx_word' id='word_1_176' title='bbox 170 3152 252 3209; x_wconf 81' lang='lat' dir='ltr'><strong>spero.</strong></span> <span class='ocrx_word' id='word_1_177' title='bbox 263 3147 375 3212; x_wconf 85' lang='lat' dir='ltr'><strong>Sperava</strong></span> <span class='ocrx_word' id='word_1_178' title='bbox 388 3147 415 3195; x_wconf 92' lang='lat' dir='ltr'><strong>di</strong></span> <span class='ocrx_word' id='word_1_179' title='bbox 427 3157 523 3212; x_wconf 90' lang='lat' dir='ltr'><strong>potere,</strong></span> <span class='ocrx_word' id='word_1_180' title='bbox 535 3147 587 3197; x_wconf 92' lang='lat' dir='ltr'><strong>col·</strong></span> 
     </span>
     <span class='ocr_line' id='line_1_30' title="bbox 134 3217 589 3282; baseline 0 -14"><span class='ocrx_word' id='word_1_181' title='bbox 134 3217 285 3282; x_wconf 81' lang='lat' dir='ltr'><strong>l&#39;appoggio</strong></span> <span class='ocrx_word' id='word_1_182' title='bbox 304 3218 331 3267; x_wconf 94' lang='lat' dir='ltr'><strong>di</strong></span> <span class='ocrx_word' id='word_1_183' title='bbox 349 3218 495 3280; x_wconf 82' lang='lat' dir='ltr'><strong>Dolabella,</strong></span> <span class='ocrx_word' id='word_1_184' title='bbox 515 3219 589 3268; x_wconf 87' lang='lat' dir='ltr'><strong>ritor-</strong></span> 
     </span>
     <span class='ocr_line' id='line_1_31' title="bbox 134 3289 587 3340; baseline 0 -2"><span class='ocrx_word' id='word_1_185' title='bbox 134 3305 196 3338; x_wconf 85' lang='lat' dir='ltr'><strong>nare</strong></span> <span class='ocrx_word' id='word_1_186' title='bbox 210 3303 225 3337; x_wconf 83' lang='lat' dir='ltr'><strong>a</strong></span> <span class='ocrx_word' id='word_1_187' title='bbox 238 3291 322 3340; x_wconf 89' lang='lat' dir='ltr'><strong>Roma</strong></span> <span class='ocrx_word' id='word_1_188' title='bbox 335 3305 384 3339; x_wconf 91' lang='lat' dir='ltr'><strong>con</strong></span> <span class='ocrx_word' id='word_1_189' title='bbox 398 3289 455 3339; x_wconf 89' lang='lat' dir='ltr'><strong>altri</strong></span> <span class='ocrx_word' id='word_1_190' title='bbox 468 3289 587 3340; x_wconf 88' lang='lat' dir='ltr'><strong>ottimati.</strong></span> 
     </span>
    </p>

    <p class='ocr_par' dir='ltr' id='par_1_16' title="bbox 135 3360 589 3638">
     <span class='ocr_line' id='line_1_32' title="bbox 171 3360 589 3426; baseline 0.005 -19"><span class='ocrx_word' id='word_1_191' title='bbox 171 3373 311 3409; x_wconf 79' lang='lat' dir='ltr'><strong>conservas.</strong></span> <span class='ocrx_word' id='word_1_192' title='bbox 319 3360 341 3409; x_wconf 93' lang='lat' dir='ltr'><strong>Il</strong></span> <span class='ocrx_word' id='word_1_193' title='bbox 352 3369 468 3426; x_wconf 87' lang='lat' dir='ltr'><strong>presente</strong></span> <span class='ocrx_word' id='word_1_194' title='bbox 479 3360 589 3426; x_wconf 86' lang='lat' dir='ltr'><strong>esprime</strong></span> 
     </span>
     <span class='ocr_line' id='line_1_33' title="bbox 135 3431 588 3482; baseline 0.002 -2"><span class='ocrx_word' id='word_1_195' title='bbox 135 3431 230 3480; x_wconf 86' lang='lat' dir='ltr'><strong>fiducia</strong></span> <span class='ocrx_word' id='word_1_196' title='bbox 246 3432 296 3482; x_wconf 82' lang='lat' dir='ltr'><strong>che</strong></span> <span class='ocrx_word' id='word_1_197' title='bbox 309 3433 369 3482; x_wconf 80' lang='lat' dir='ltr'><strong>Dol&#39;.</strong></span> <span class='ocrx_word' id='word_1_198' title='bbox 384 3432 499 3482; x_wconf 87' lang='lat' dir='ltr'><strong>continui</strong></span> <span class='ocrx_word' id='word_1_199' title='bbox 519 3431 588 3482; x_wconf 89' lang='lat' dir='ltr'><strong>nella</strong></span> 
     </span>
     <span class='ocr_line' id='line_1_34' title="bbox 135 3503 588 3561; baseline 0.002 -10"><span class='ocrx_word' id='word_1_200' title='bbox 135 3505 185 3561; x_wconf 84' lang='lat' dir='ltr'><strong>via,</strong></span> <span class='ocrx_word' id='word_1_201' title='bbox 199 3503 225 3552; x_wconf 89' lang='lat' dir='ltr'><strong>in</strong></span> <span class='ocrx_word' id='word_1_202' title='bbox 239 3503 280 3553; x_wconf 89' lang='lat' dir='ltr'><strong>cui</strong></span> <span class='ocrx_word' id='word_1_203' title='bbox 293 3503 357 3553; x_wconf 86' lang='lat' dir='ltr'><strong>s&#39;era</strong></span> <span class='ocrx_word' id='word_1_204' title='bbox 367 3519 458 3553; x_wconf 77' lang='lat' dir='ltr'><strong>masso.</strong></span> <span class='ocrx_word' id='word_1_205' title='bbox 472 3529 503 3538; x_wconf 94' lang='lat'>—</span> <span class='ocrx_word' id='word_1_206' title='bbox 518 3505 588 3553; x_wconf 92' lang='lat' dir='ltr'><strong>Poco</strong></span> 
     </span>
     <span class='ocr_line' id='line_1_35' title="bbox 135 3574 589 3638; baseline 0.004 -16"><span class='ocrx_word' id='word_1_207' title='bbox 135 3575 205 3638; x_wconf 90' lang='lat' dir='ltr'><strong>dopo</strong></span> <span class='ocrx_word' id='word_1_208' title='bbox 224 3575 287 3636; x_wconf 81' lang='lat' dir='ltr'><strong>Cic„</strong></span> <span class='ocrx_word' id='word_1_209' title='bbox 310 3574 335 3624; x_wconf 93' lang='lat' dir='ltr'><strong>di</strong></span> <span class='ocrx_word' id='word_1_210' title='bbox 360 3591 445 3624; x_wconf 85' lang='lat' dir='ltr'><strong>nuovo</strong></span> <span class='ocrx_word' id='word_1_211' title='bbox 472 3574 589 3624; x_wconf 83' lang='lat' dir='ltr'><strong>malcon-</strong></span> 
     </span>
    </p>
   </div>
   <div class='ocr_carea' id='block_1_12' title="bbox 19 3645 588 3709">
    <p class='ocr_par' dir='ltr' id='par_1_17' title="bbox 19 3645 588 3709">
     <span class='ocr_line' id='line_1_36' title="bbox 19 3645 588 3709; baseline -0.007 -11"><span class='ocrx_word' id='word_1_212' title='bbox 19 3669 34 3698; x_wconf 62' lang='grc' dir='ltr'>ι</span> <span class='ocrx_word' id='word_1_213' title='bbox 136 3652 207 3695; x_wconf 84' lang='lat' dir='ltr'><strong>tento</strong></span> <span class='ocrx_word' id='word_1_214' title='bbox 226 3646 252 3696; x_wconf 90' lang='lat' dir='ltr'><strong>di</strong></span> <span class='ocrx_word' id='word_1_215' title='bbox 270 3645 417 3709; x_wconf 83' lang='lat' dir='ltr'><strong>Dolabella,</strong></span> <span class='ocrx_word' id='word_1_216' title='bbox 430 3646 542 3697; x_wconf 86' lang='lat' dir='ltr'><strong>scriveva</strong></span> <span class='ocrx_word' id='word_1_217' title='bbox 556 3646 588 3694; x_wconf 93' lang='lat' dir='ltr'><strong>ad</strong></span> 
     </span>
    </p>
   </div>
   <div class='ocr_carea' id='block_1_13' title="bbox 133 3716 589 3783">
    <p class='ocr_par' dir='ltr' id='par_1_18' title="bbox 133 3716 589 3783">
     <span class='ocr_line' id='line_1_37' title="bbox 133 3716 589 3783; baseline 0.004 -19"><span class='ocrx_word' id='word_1_218' title='bbox 133 3716 222 3767; x_wconf 80' lang='lat' dir='ltr'><strong>Attico</strong></span> <span class='ocrx_word' id='word_1_219' title='bbox 240 3717 394 3783; x_wconf 81' lang='lat' dir='ltr'><strong>lagnandosi</strong></span> <span class='ocrx_word' id='word_1_220' title='bbox 413 3719 461 3768; x_wconf 87' lang='lat' dir='ltr'><strong>che</strong></span> <span class='ocrx_word' id='word_1_221' title='bbox 480 3734 532 3768; x_wconf 89' lang='lat' dir='ltr'><strong>non</strong></span> <span class='ocrx_word' id='word_1_222' title='bbox 551 3717 589 3783; x_wconf 87' lang='lat' dir='ltr'><strong>gli</strong></span> 
     </span>
    </p>
   </div>
   <div class='ocr_carea' id='block_1_14' title="bbox 641 2435 1104 3771">
    <p class='ocr_par' dir='ltr' id='par_1_19' title="bbox 641 2435 1095 2572">
     <span class='ocr_line' id='line_1_38' title="bbox 641 2435 1095 2500; baseline 0 -14"><span class='ocrx_word' id='word_1_223' title='bbox 641 2437 787 2495; x_wconf 84' lang='lat' dir='ltr'><strong>restituisse,</strong></span> <span class='ocrx_word' id='word_1_224' title='bbox 802 2436 934 2500; x_wconf 84' lang='lat' dir='ltr'><strong>malgrado</strong></span> <span class='ocrx_word' id='word_1_225' title='bbox 954 2435 979 2484; x_wconf 92' lang='lat' dir='ltr'><strong>le</strong></span> <span class='ocrx_word' id='word_1_226' title='bbox 996 2451 1041 2485; x_wconf 89' lang='lat' dir='ltr'><strong>sue</strong></span> <span class='ocrx_word' id='word_1_227' title='bbox 1061 2436 1095 2486; x_wconf 90' lang='lat' dir='ltr'><strong>ri·</strong></span> 
     </span>
     <span class='ocr_line' id='line_1_39' title="bbox 641 2507 1057 2572; baseline -0.002 -15"><span class='ocrx_word' id='word_1_228' title='bbox 641 2509 746 2570; x_wconf 85' lang='lat' dir='ltr'><strong>chieste,</strong></span> <span class='ocrx_word' id='word_1_229' title='bbox 766 2508 792 2556; x_wconf 88' lang='lat' dir='ltr'><strong>la</strong></span> <span class='ocrx_word' id='word_1_230' title='bbox 811 2509 871 2557; x_wconf 88' lang='lat' dir='ltr'><strong>dote</strong></span> <span class='ocrx_word' id='word_1_231' title='bbox 891 2507 959 2556; x_wconf 90' lang='lat' dir='ltr'><strong>della</strong></span> <span class='ocrx_word' id='word_1_232' title='bbox 978 2507 1057 2572; x_wconf 83' lang='lat' dir='ltr'><strong>figlia.</strong></span> 
     </span>
    </p>

    <p class='ocr_par' dir='ltr' id='par_1_20' title="bbox 641 2575 1098 3214">
     <span class='ocr_line' id='line_1_40' title="bbox 678 2575 1096 2646; baseline 0.005 -20"><span class='ocrx_word' id='word_1_233' title='bbox 678 2575 794 2646; x_wconf 74' lang='lat' dir='ltr'><strong>up,57.</strong></span> <span class='ocrx_word' id='word_1_234' title='bbox 808 2580 850 2628; x_wconf 89' lang='lat' dir='ltr'><strong>Da</strong></span> <span class='ocrx_word' id='word_1_235' title='bbox 868 2581 959 2640; x_wconf 83' lang='lat' dir='ltr'><strong>Roma,</strong></span> <span class='ocrx_word' id='word_1_236' title='bbox 980 2579 1021 2627; x_wconf 89' lang='lat' dir='ltr'><strong>nel</strong></span> <span class='ocrx_word' id='word_1_237' title='bbox 1041 2579 1096 2628; x_wconf 83' lang='lat' dir='ltr'><strong>seb-</strong></span> 
     </span>
     <span class='ocr_line' id='line_1_41' title="bbox 641 2648 1096 2712; baseline 0.002 -12"><span class='ocrx_word' id='word_1_238' title='bbox 641 2651 713 2700; x_wconf 90' lang='lat' dir='ltr'><strong>braio</strong></span> <span class='ocrx_word' id='word_1_239' title='bbox 732 2649 792 2702; x_wconf 85' lang='lat' dir='ltr'><strong>dell’</strong></span> <span class='ocrx_word' id='word_1_240' title='bbox 805 2667 873 2699; x_wconf 85' lang='lat' dir='ltr'><strong>anno</strong></span> <span class='ocrx_word' id='word_1_241' title='bbox 894 2661 953 2712; x_wconf 75' lang='lat'><em>721.</em></span> <span class='ocrx_word' id='word_1_242' title='bbox 980 2675 1010 2684; x_wconf 82' lang='lat'>-</span> <span class='ocrx_word' id='word_1_243' title='bbox 1030 2648 1096 2701; x_wconf 89' lang='lat' dir='ltr'><strong>Caio</strong></span> 
     </span>
     <span class='ocr_line' id='line_1_42' title="bbox 641 2722 1096 2786; baseline -0.002 -15"><span class='ocrx_word' id='word_1_244' title='bbox 641 2723 773 2772; x_wconf 88' lang='lat' dir='ltr'><strong>Trebonio</strong></span> <span class='ocrx_word' id='word_1_245' title='bbox 798 2723 824 2770; x_wconf 86' lang='lat' dir='ltr'><strong>fn</strong></span> <span class='ocrx_word' id='word_1_246' title='bbox 848 2731 885 2771; x_wconf 86' lang='lat' dir='ltr'><strong>tra</strong></span> <span class='ocrx_word' id='word_1_247' title='bbox 909 2722 918 2771; x_wconf 94' lang='lat' dir='ltr'><strong>i</strong></span> <span class='ocrx_word' id='word_1_248' title='bbox 946 2722 1096 2786; x_wconf 88' lang='lat' dir='ltr'><strong>cospiratori</strong></span> 
     </span>
     <span class='ocr_line' id='line_1_43' title="bbox 642 2790 1096 2858; baseline 0 -16"><span class='ocrx_word' id='word_1_249' title='bbox 642 2790 686 2856; x_wconf 82' lang='lat' dir='ltr'><strong>pib</strong></span> <span class='ocrx_word' id='word_1_250' title='bbox 705 2793 807 2853; x_wconf 81' lang='lat' dir='ltr'><strong>zelanti,</strong></span> <span class='ocrx_word' id='word_1_251' title='bbox 821 2795 933 2843; x_wconf 86' lang='lat' dir='ltr'><strong>sebbene</strong></span> <span class='ocrx_word' id='word_1_252' title='bbox 947 2794 1039 2843; x_wconf 86' lang='lat' dir='ltr'><strong>Cesare</strong></span> <span class='ocrx_word' id='word_1_253' title='bbox 1058 2793 1096 2858; x_wconf 84' lang='lat' dir='ltr'><strong>gli</strong></span> 
     </span>
     <span class='ocr_line' id='line_1_44' title="bbox 642 2864 1096 2928; baseline 0 -16"><span class='ocrx_word' id='word_1_254' title='bbox 642 2865 780 2914; x_wconf 83' lang='lat' dir='ltr'><strong>conferisse</strong></span> <span class='ocrx_word' id='word_1_255' title='bbox 800 2866 819 2914; x_wconf 91' lang='lat' dir='ltr'><strong>il</strong></span> <span class='ocrx_word' id='word_1_256' title='bbox 838 2864 971 2915; x_wconf 87' lang='lat' dir='ltr'><strong>consolato</strong></span> <span class='ocrx_word' id='word_1_257' title='bbox 990 2864 1032 2913; x_wconf 90' lang='lat' dir='ltr'><strong>nel</strong></span> <span class='ocrx_word' id='word_1_258' title='bbox 1051 2872 1096 2928; x_wconf 81' lang='lat'><strong>45.</strong></span> 
     </span>
     <span class='ocr_line' id='line_1_45' title="bbox 641 2933 1097 2994; baseline -0.002 -8"><span class='ocrx_word' id='word_1_259' title='bbox 641 2938 727 2986; x_wconf 91' lang='lat' dir='ltr'><strong>Morto</strong></span> <span class='ocrx_word' id='word_1_260' title='bbox 748 2937 849 2994; x_wconf 81' lang='lat' dir='ltr'><strong>Cesare,</strong></span> <span class='ocrx_word' id='word_1_261' title='bbox 868 2936 890 2985; x_wconf 90' lang='lat' dir='ltr'><strong>si</strong></span> <span class='ocrx_word' id='word_1_262' title='bbox 908 2933 967 2985; x_wconf 79' lang='lat' dir='ltr'><strong>recb</strong></span> <span class='ocrx_word' id='word_1_263' title='bbox 989 2937 1016 2984; x_wconf 91' lang='lat' dir='ltr'><strong>in</strong></span> <span class='ocrx_word' id='word_1_264' title='bbox 1035 2936 1097 2986; x_wconf 78' lang='lat' dir='ltr'><strong>Asia</strong></span> 
     </span>
     <span class='ocr_line' id='line_1_46' title="bbox 642 3006 1098 3072; baseline 0.004 -16"><span class='ocrx_word' id='word_1_265' title='bbox 642 3023 716 3056; x_wconf 88' lang='lat' dir='ltr'><strong>corne</strong></span> <span class='ocrx_word' id='word_1_266' title='bbox 731 3007 898 3072; x_wconf 80' lang='lat' dir='ltr'><strong>proconsole;</strong></span> <span class='ocrx_word' id='word_1_267' title='bbox 920 3006 1058 3057; x_wconf 86' lang='lat' dir='ltr'><strong>Dolabella</strong></span> <span class='ocrx_word' id='word_1_268' title='bbox 1071 3007 1098 3058; x_wconf 94' lang='lat' dir='ltr'><strong>lo</strong></span> 
     </span>
     <span class='ocr_line' id='line_1_47' title="bbox 642 3078 1098 3144; baseline 0 -16"><span class='ocrx_word' id='word_1_269' title='bbox 642 3079 698 3128; x_wconf 88' lang='lat' dir='ltr'><strong>sece</strong></span> <span class='ocrx_word' id='word_1_270' title='bbox 721 3079 839 3144; x_wconf 89' lang='lat' dir='ltr'><strong>prigione</strong></span> <span class='ocrx_word' id='word_1_271' title='bbox 865 3095 880 3126; x_wconf 88' lang='lat' dir='ltr'><strong>a</strong></span> <span class='ocrx_word' id='word_1_272' title='bbox 905 3079 1006 3129; x_wconf 88' lang='lat' dir='ltr'><strong>Smirne</strong></span> <span class='ocrx_word' id='word_1_273' title='bbox 1032 3094 1046 3128; x_wconf 91' lang='lat' dir='ltr'><strong>e</strong></span> <span class='ocrx_word' id='word_1_274' title='bbox 1070 3078 1098 3129; x_wconf 92' lang='lat' dir='ltr'><strong>lo</strong></span> 
     </span>
     <span class='ocr_line' id='line_1_48' title="bbox 643 3147 926 3214; baseline 0 -16"><span class='ocrx_word' id='word_1_275' title='bbox 643 3151 707 3199; x_wconf 88' lang='lat' dir='ltr'><strong>mise</strong></span> <span class='ocrx_word' id='word_1_276' title='bbox 726 3167 742 3199; x_wconf 88' lang='lat' dir='ltr'><strong>a</strong></span> <span class='ocrx_word' id='word_1_277' title='bbox 760 3159 841 3199; x_wconf 90' lang='lat' dir='ltr'><strong>morte</strong></span> <span class='ocrx_word' id='word_1_278' title='bbox 860 3147 926 3214; x_wconf 87' lang='lat'>(43).</span> 
     </span>
    </p>

    <p class='ocr_par' dir='ltr' id='par_1_21' title="bbox 643 3217 1099 3413">
     <span class='ocr_line' id='line_1_49' title="bbox 682 3217 1099 3285; baseline 0.005 -17"><span class='ocrx_word' id='word_1_279' title='bbox 682 3235 702 3270; x_wconf 93' lang='lat'><strong>1.</strong></span> <span class='ocrx_word' id='word_1_280' title='bbox 717 3221 806 3284; x_wconf 80' lang='lat' dir='ltr'><strong>pulch.</strong></span> <span class='ocrx_word' id='word_1_281' title='bbox 827 3228 864 3285; x_wconf 77' lang='lat' dir='ltr'><strong>ep.</strong></span> <span class='ocrx_word' id='word_1_282' title='bbox 879 3217 939 3272; x_wconf 86' lang='lat' dir='ltr'><strong>Cosi</strong></span> <span class='ocrx_word' id='word_1_283' title='bbox 953 3219 1054 3270; x_wconf 85' lang='lat' dir='ltr'><strong>chiama</strong></span> <span class='ocrx_word' id='word_1_284' title='bbox 1073 3221 1099 3270; x_wconf 88' lang='lat' dir='ltr'><strong>la</strong></span> 
     </span>
     <span class='ocr_line' id='line_1_50' title="bbox 643 3291 1098 3359; baseline 0.004 -18"><span class='ocrx_word' id='word_1_285' title='bbox 643 3293 766 3357; x_wconf 87' lang='lat' dir='ltr'><strong>congiura</strong></span> <span class='ocrx_word' id='word_1_286' title='bbox 786 3300 875 3342; x_wconf 81' lang='lat' dir='ltr'><strong>contro</strong></span> <span class='ocrx_word' id='word_1_287' title='bbox 895 3291 995 3352; x_wconf 82' lang='lat' dir='ltr'><strong>Cesare,</strong></span> <span class='ocrx_word' id='word_1_288' title='bbox 1010 3309 1024 3342; x_wconf 87' lang='lat' dir='ltr'><strong>e</strong></span> <span class='ocrx_word' id='word_1_289' title='bbox 1041 3307 1098 3359; x_wconf 85' lang='lat' dir='ltr'><strong>spe·</strong></span> 
     </span>
     <span class='ocr_line' id='line_1_51' title="bbox 643 3363 1084 3413; baseline 0.002 -1"><span class='ocrx_word' id='word_1_290' title='bbox 643 3363 779 3413; x_wconf 84' lang='lat' dir='ltr'><strong>cialmente</strong></span> <span class='ocrx_word' id='word_1_291' title='bbox 797 3364 822 3413; x_wconf 85' lang='lat' dir='ltr'><strong>le</strong></span> <span class='ocrx_word' id='word_1_292' title='bbox 842 3364 881 3412; x_wconf 87' lang='lat' dir='ltr'><strong>Idi</strong></span> <span class='ocrx_word' id='word_1_293' title='bbox 901 3365 928 3412; x_wconf 93' lang='lat' dir='ltr'><strong>di</strong></span> <span class='ocrx_word' id='word_1_294' title='bbox 947 3365 1043 3413; x_wconf 87' lang='lat' dir='ltr'><strong>Marzo.</strong></span> <span class='ocrx_word' id='word_1_295' title='bbox 1081 3391 1084 3398; x_wconf 44' lang='grc' dir='ltr'>ν</span> 
     </span>
    </p>

    <p class='ocr_par' dir='ltr' id='par_1_22' title="bbox 643 3434 1100 3642">
     <span class='ocr_line' id='line_1_52' title="bbox 678 3434 1100 3497; baseline 0.007 -15"><span class='ocrx_word' id='word_1_296' title='bbox 678 3434 751 3497; x_wconf 75' lang='lat' dir='ltr'><strong>reliq.</strong></span> <span class='ocrx_word' id='word_1_297' title='bbox 763 3435 831 3483; x_wconf 81' lang='lat' dir='ltr'><strong>nihil</strong></span> <span class='ocrx_word' id='word_1_298' title='bbox 842 3435 896 3484; x_wconf 79' lang='lat' dir='ltr'><strong>hab.</strong></span> <span class='ocrx_word' id='word_1_299' title='bbox 909 3434 937 3485; x_wconf 90' lang='lat' dir='ltr'><strong>Io</strong></span> <span class='ocrx_word' id='word_1_300' title='bbox 952 3435 1021 3484; x_wconf 85' lang='lat' dir='ltr'><strong>avrel</strong></span> <span class='ocrx_word' id='word_1_301' title='bbox 1035 3434 1100 3486; x_wconf 80' lang='lat' dir='ltr'><strong>tollo</strong></span> 
     </span>
     <span class='ocr_line' id='line_1_53' title="bbox 643 3504 1099 3557; baseline -0.002 -2"><span class='ocrx_word' id='word_1_302' title='bbox 643 3506 670 3555; x_wconf 93' lang='lat' dir='ltr'><strong>di</strong></span> <span class='ocrx_word' id='word_1_303' title='bbox 689 3523 775 3555; x_wconf 88' lang='lat' dir='ltr'><strong>mezzo</strong></span> <span class='ocrx_word' id='word_1_304' title='bbox 795 3505 877 3556; x_wconf 85' lang='lat' dir='ltr'><strong>anche</strong></span> <span class='ocrx_word' id='word_1_305' title='bbox 894 3506 1020 3557; x_wconf 85' lang='lat' dir='ltr'><strong>Antonio.</strong></span> <span class='ocrx_word' id='word_1_306' title='bbox 1045 3504 1099 3557; x_wconf 78' lang='lat' dir='ltr'><strong>cfr.</strong></span> 
     </span>
     <span class='ocr_line' id='line_1_54' title="bbox 643 3573 827 3642; baseline -0.005 0"><span class='ocrx_word' id='word_1_307' title='bbox 643 3579 691 3642; x_wconf 78' lang='lat' dir='ltr'><strong>Eo·</strong></span> <span class='ocrx_word' id='word_1_308' title='bbox 713 3585 745 3640; x_wconf 80' lang='grc'><strong>55</strong></span> <span class='ocrx_word' id='word_1_309' title='bbox 765 3573 783 3641; x_wconf 65' lang='grc' dir='ltr'>ἃ</span> <span class='ocrx_word' id='word_1_310' title='bbox 806 3591 827 3627; x_wconf 88' lang='lat'><strong>1·</strong></span> 
     </span>
    </p>

    <p class='ocr_par' dir='ltr' id='par_1_23' title="bbox 644 3648 1104 3771">
     <span class='ocr_line' id='line_1_55' title="bbox 683 3648 1104 3714; baseline 0.014 -20"><span class='ocrx_word' id='word_1_311' title='bbox 683 3664 739 3697; x_wconf 87' lang='lat' dir='ltr'><strong>cum</strong></span> <span class='ocrx_word' id='word_1_312' title='bbox 758 3650 797 3699; x_wconf 78' lang='lat' dir='ltr'><strong>iis.</strong></span> <span class='ocrx_word' id='word_1_313' title='bbox 824 3651 864 3701; x_wconf 92' lang='lat' dir='ltr'><strong>Sc.</strong></span> <span class='ocrx_word' id='word_1_314' title='bbox 883 3649 1005 3714; x_wconf 78' lang='lat' dir='ltr'><strong>reliquiis,</strong></span> <span class='ocrx_word' id='word_1_315' title='bbox 1027 3665 1044 3700; x_wconf 94' lang='lat' dir='ltr'><strong>o</strong></span> <span class='ocrx_word' id='word_1_316' title='bbox 1062 3648 1104 3700; x_wconf 76' lang='lat' dir='ltr'><strong>sia</strong></span> 
     </span>
     <span class='ocr_line' id='line_1_56' title="bbox 644 3719 769 3771; baseline 0.024 -4"><span class='ocrx_word' id='word_1_317' title='bbox 644 3719 769 3771; x_wconf 83' lang='lat' dir='ltr'><strong>Antonio.</strong></span> 
     </span>
    </p>
   </div>
   <div class='ocr_carea' id='block_1_15' title="bbox 0 0 1410 4326">
    <p class='ocr_par' dir='ltr' id='par_1_24' title="bbox 0 0 1410 4326">
     <span class='ocr_line' id='line_1_57' title="bbox 0 0 1410 4326; baseline 0 0"><span class='ocrx_word' id='word_1_318' title='bbox 0 0 1410 4326; x_wconf 95' lang='lat' dir='ltr'><strong> </strong></span> 
     </span>
    </p>
   </div>
  </div>
 </body>
</html>
