2788 4326
281 263 319 315 24
618 256 764 300 EPISTULA
793 261 899 317 3¹·32·

276 383 340 444 Etsi
362 385 403 442 M.
430 381 598 460 Caeparius,
630 399 699 442 cum
727 379 801 440 mihi
826 380 858 440 in
889 380 962 441 silva
988 379 1151 442 Gallinaria
1183 383 1244 442 ob·

276 473 353 532 viam
375 463 513 546 venisset,
537 470 786 548 quaesissemque,
811 469 882 546 quid
910 490 1020 548 ageres,
1051 469 1125 529 dixit
1147 479 1179 530 te
1203 471 1239 530 in

275 565 353 622 lecto
383 581 455 635 esse,
484 561 567 637 quod
597 580 633 619 ex
662 558 790 636 pedibus
818 561 978 620 laborares.
1024 558 1094 619 Tuli
1121 559 1240 620 scilicet

275 653 409 722 moleste,
434 660 467 710 ut
490 649 591 719 debui,
620 650 672 708 sed
699 658 799 708 tamen
830 647 969 708 constitui
996 650 1035 709 ad
1066 657 1095 707 te
1118 647 1236 722 venire,

275 750 360 800 utet
390 739 522 798 viderem
545 749 576 797 te
599 748 629 797 et
652 737 775 797 viserem
807 746 838 795 et
859 757 996 816 cenarem
1020 736 1130 797 etiani:
1170 757 1240 797 non

275 829 355 888 enim
384 829 510 888 arbitror
541 844 670 903 coquum
704 825 792 886 etiam
827 835 856 885 te
890 825 1075 888 arthriticum
1109 819 1236 888 habere.

276 921 423 996 Exspecta
453 915 541 994 igitur
570 915 719 992 hospitem
749 934 828 992 cum¹
849 914 971 975 minime
1001 916 1135 990 edacem,
1170 925 1241 975 tum

276 1007 427 1066 inimicum
452 1004 534 1066 cenis
555 1003 744 1082 sumptuosis.

730 1253 790 1318 32.

531 1398 681 1458 CICERO
705 1398 985 1460 DOLABELLAE.

321 1630 461 1689 Gratulor
483 1627 560 1688 Baiis
584 1627 699 1700 nostris,
724 1628 747 1688 si
767 1628 898 1706 quidem,
923 1640 956 1689 ut
971 1627 1084 1702 scribis,
1101 1631 1239 1690 salubres

277 1729 400 1796 repente
424 1719 516 1778 factae
541 1727 617 1791 sunt,
644 1716 699 1778 nisi
722 1721 797 1778 forte
819 1729 849 1778 te
873 1726 982 1790 amant,
1008 1729 1037 1777 et
1059 1717 1116 1777 tibi
1138 1738 1239 1779 assen-

276 1819 377 1868 tantur
390 1817 419 1864 et
436 1816 497 1864 tam
514 1806 573 1875 diu,
599 1808 671 1865 dum
690 1805 818 1880 tu'ades,
839 1817 908 1866 suut
923 1808 1034 1866 oblitae
1050 1805 1103 1866 sui.
1144 1808 1239 1883 Quod

276 1897 398 1973 quidem
417 1893 441 1954 si
456 1893 496 1953 ita
512 1907 563 1966 est,
588 1894 710 1954 minime
734 1894 825 1956 miror
848 1898 962 1956 caelum
988 1895 1077 1955 etiam
1101 1907 1132 1956 et
1145 1905 1242 1956 terras

276 1985 336 2044 vim
364 2003 456 2056 suam,
489 1981 513 2042 si
536 1983 589 2043 tibi
619 1983 659 2042 ita
686 1985 851 2057 conveniat,
883 1984 1040 2045 dimittere.
1097 1985 1239 2044 Oratiun-

276 2077 373 2135 culam
389 2091 443 2150 pro
459 2071 610 2145 Deiotaro,
635 2093 724 2148 quam
738 2073 919 2151 requirebas,
937 2075 1087 2134 habebam
1103 2093 1234 2146 mecum,

275 2164 357 2240 quod
372 2181 435 2222 non
451 2169 600 2237 putaram:
638 2161 738 2237 itaque
755 2182 819 2222 eam
837 2161 891 2222 tibi
915 2161 1001 2237 misi;
1038 2182 1128 2238 quam
1145 2161 1238 2222 velim

312 2393 517 2456 quaesissemque.
538 2396 578 2444 Sc.
598 2411 629 2443 ex
649 2409 683 2444 eo.

313 2465 377 2527 quid
392 2479 486 2527 ageres.
506 2464 586 2515 Come
605 2468 677 2516 stavi.

311 2551 342 2582 ex
356 2537 472 2598 pedibus.
492 2537 526 2584 Di
546 2539 668 2602 podagra.

312 2612 403 2654 tamen.
430 2607 562 2671 Risponde
587 2609 667 2658 anche
693 2608 728 2658 al·

276 2677 292 2726 l'
305 2677 351 2725 etsi
368 2678 394 2725 di
413 2693 496 2741 sopra.

311 2748 377 2796 silva
406 2747 470 2797 Gall.
497 2750 602 2799 Foresta
624 2751 649 2799 di
673 2751 728 2816 pini

275 2820 340 2868 sulla
351 2827 420 2869 costa
434 2819 502 2869 della
511 2821 661 2885 Campania,
673 2819 726 2870 cosi

275 2891 404 2940 chiamata
416 2890 457 2939 dai
466 2891 528 2955 galli
539 2891 727 2956 selvatici(gal-

276 2964 344 3010 linae
362 2961 495 3027 rusticae),
514 2963 562 3012 che
584 2965 607 3012 vi
630 2966 726 3014 abbon-

276 3035 383 3083 davano.

312 3121 389 3154 non...
409 3105 530 3153 arbitror.
551 3107 639 3170 Spero.

281 3201 284 3208 ¹
313 3172 368 3240 El).
382 3171 430 3226 32.
448 3177 526 3225 Dalla
544 3177 606 3244 villa
624 3177 650 3226 di
664 3179 726 3228 Poz-

275 3247 350 3308 zuoli,
368 3247 410 3296 nel
424 3248 554 3297 dicemhre
570 3258 629 3312 709,
649 3266 664 3297 a
679 3252 726 3299 Pu·

276 3320 330 3369 blio
349 3319 470 3368 Cornelio
492 3320 638 3383 Dolabella,
660 3327 726 3370 terzo

277 3390 368 3440 marito
388 3390 414 3438 di
433 3389 528 3440 Tullia.
572 3442 574 3446 ³

316 3475 336 3512 1.
356 3461 429 3509 Baiis
448 3463 550 3510 nastris.
570 3462 688 3513 Stazione
701 3461 727 3510 di

274 3533 354 3596 bagni
368 3533 459 3582 marini
469 3549 485 3582 e
498 3533 603 3597 d'acque
618 3533 727 3596 termali,

272 3605 343 3653 assai
350 3604 514 3670 ‘frequentata
527 3605 569 3653 dai
582 3605 661 3655 ricchi
674 3606 726 3653 Ro·

783 2395 863 2452 mani,
882 2394 974 2443 situata
987 2392 1073 2442 vicino
1086 2409 1102 2440 a
1117 2392 1237 2443 Pozzuoli

783 2462 863 2528 (onde
876 2463 991 2527 nostris),
1000 2463 1070 2512 nella
1081 2470 1155 2528 parte
1169 2465 1238 2513 occi·

783 2537 885 2586 dentale
911 2536 979 2585 della
997 2535 1057 2584 baia
1082 2537 1109 2584 di
1130 2535 1238 2600 Napoli.

782 2608 902 2656 Tuttavia
921 2601 1108 2670 nell'opinibne
1121 2607 1148 2655 di
1162 2605 1237 2655 molti

782 2676 832 2741 (tra
851 2679 860 2727 i
880 2679 950 2744 quali
969 2677 1106 2740 Cicerone)
1124 2677 1142 2726 il
1157 2677 1237 2742 luogo

782 2765 825 2798 era
844 2749 980 2800 insalubre.

816 2821 942 2871 miror...
967 2819 1103 2870 dimittere.
1128 2817 1236 2869 L'indi·

781 2893 866 2940 cativo
877 2893 960 2940 miror
970 2891 1029 2940 vuol
1043 2907 1111 2940 esser
1123 2891 1236 2940 tradotto

781 2965 807 3011 in
834 2963 923 3028 lingua
948 2972 1034 3012 nostra
1060 2963 1191 3011 mediante
1216 2963 1236 3012 il

781 3034 967 3084 condizionale.
998 3034 1079 3083 Come
1111 3032 1238 3095 tradprrai

781 3121 826 3170 per
845 3121 1021 3171 conseguenza
1040 3104 1056 3153 1’
1065 3100 1183 3154 infinitos

819 3189 841 3225 2.
861 3191 899 3226 ar.
914 3184 966 3240 pro
980 3176 1110 3224 Deiotaro.
1130 3177 1168 3224 La
1182 3176 1241 3240 pic·

781 3248 839 3296 cola
858 3249 985 3306 oracione,
1005 3247 1053 3296 che
1071 3246 1239 3311 possediamo

781 3334 884 3381 oucora,
904 3321 932 3369 in
950 3317 1032 3368 difesa
1055 3319 1081 3366 di
1099 3317 1237 3377 Deiotaro,

781 3390 888 3439 vecchio
906 3407 933 3440 re
947 3389 1015 3440 della
1029 3389 1142 3449 Galazia,
1160 3402 1236 3437 accu-

781 3471 836 3511 sato
849 3461 876 3510 di
889 3478 963 3512 avere
979 3468 1103 3510 attentato
1117 3459 1169 3508 alla
1182 3461 1236 3510 vita

781 3531 807 3580 di
826 3533 927 3582 Cesare.
952 3534 991 3584 Fu
1016 3531 1185 3596 pronunciata
1207 3533 1238 3580 in

781 3606 865 3653 Roma
883 3604 928 3654 nel
945 3613 978 3668 45
1000 3619 1038 3652 av.
1059 3604 1101 3654 Cr.
