2788 4326
514 349 661 394 musanus
687 355 740 422 43.
1063 355 1105 414 37

142 496 208 537 non
231 477 338 536 valere.
386 476 444 536 Sed
468 475 610 552 quoniam
633 475 664 536 in
689 487 863 554 quartanam
887 496 1029 537 conversa
1060 476 1105 538 vis

141 576 192 626 est
206 564 304 625 morbi
321 598 360 608 -
379 565 420 626 sic
443 563 523 624 enim
547 564 649 626 scribit
672 565 779 628 Curius
800 600 851 640 -,
877 585 963 643 spero
987 576 1016 626 te
1039 565 1103 626 dili·

143 653 245 734 gentia
268 653 403 714 adhibita
426 653 484 713 iam
500 653 660 714 firmiorem
676 658 749 715 sore.
789 656 883 715 Modo
899 657 953 728 fac,
972 654 1004 714 id
1020 656 1104 731 quod

142 755 192 804 est
213 742 404 803 humanitatis
427 751 504 816 tuae,
522 762 560 802 ne
580 743 653 820 quid
675 743 757 803 aliud
781 764 865 804 cures
881 746 938 804 hoc
956 754 1101 820 tempore,

145 832 205 892 nisi
228 842 371 908 utquam
395 831 634 893 commodissime
658 835 854 894 convalescas.
900 836 970 892 Non
988 833 1103 910 ignom,

145 932 290 998 quantum
316 941 351 980 ex
375 921 523 981 desiderio
543 923 668 994 labores,
687 923 740 982 sed
764 932 851 981 erunt
874 922 974 981 omnia
998 921 1103 996 facilia,

147 1011 172 1070 si
195 1009 316 1072 valebis.
362 1010 514 1069 Festinare
541 1020 570 1069 te
602 1012 682 1083 nolo,
715 1031 753 1070 ne
784 1030 911 1070 nauseae
939 1008 1105 1070 molestiam

146 1098 291 1176 suscipias
314 1119 402 1176 aeger
426 1110 455 1157 et
479 1098 644 1176 periculose
675 1099 773 1158 hieme
800 1100 931 1176 naviges.
978 1102 1042 1177 Ego
1069 1101 1107 1160 ad
1132 1121 1152 1160 a

147 1191 254 1248 urbem
278 1187 388 1248 accessi
412 1187 507 1264 pridie
531 1190 634 1248 Nonas
656 1190 771 1248 Ianuar.
819 1187 947 1248 Obviam
968 1188 1042 1248 mihi
1065 1188 1108 1250 sic

143 1287 192 1337 est
215 1279 377 1355 prodi-tum,
396 1287 428 1335 ut
451 1276 525 1335 nihil
548 1287 651 1353 posset
672 1277 734 1337 fieri
758 1277 906 1337 ornatius:
946 1279 999 1337 sed
1015 1277 1109 1338 incidi

148 1365 179 1426 in
202 1365 297 1444 ipsam
321 1368 471 1425 flammam
502 1364 596 1426 civilis
626 1366 792 1426 discordiae
823 1368 871 1425 vel
902 1366 1002 1442 potius
1025 1367 1106 1441 belli,

142 1455 286 1516 cuicum
310 1458 451 1532 cuperem
476 1453 590 1514 mederi
613 1465 652 1530 et,
678 1466 711 1514 ut
733 1456 868 1527 arbitror,
901 1475 1029 1531 possem,
1059 1475 1109 1516 cu·

146 1543 288 1622 piditates
311 1555 461 1604 certorum
486 1542 640 1603 hominnm
659 1579 703 1588 —
726 1565 796 1602 nam
819 1564 856 1602 ex
877 1553 1001 1619 utraque
1024 1553 1109 1620 parte

147 1643 218 1693 sunt
235 1631 286 1709 qui
302 1652 435 1710 pugnare
452 1632 632 1710 cupiant-
649 1633 865 1710 impedimento
882 1631 955 1690 mihi
978 1635 1105 1694 fuerunt.

147 1723 281 1782 Omnino
313 1731 343 1780 et
376 1721 439 1798 ipse
476 1723 592 1795 Caesar,
625 1721 737 1782 amicus
767 1732 877 1793 noster,
907 1721 1038 1780 minaces
1068 1723 1108 1781 ad

142 1822 283 1870 senatum
307 1823 337 1870 et
361 1811 482 1870 acerbas
505 1810 616 1870 litteras
639 1811 764 1881 miserat,
791 1822 821 1870 et
844 1820 905 1869 erat
928 1811 1027 1870 adhuc
1053 1809 1107 1869 im·

147 1901 274 1977 pudens,
307 1898 360 1975 qui
396 1898 556 1958 exercitum
592 1910 622 1959 et
656 1899 838 1977 provinciam
873 1898 966 1959 invito
1002 1909 1108 1958 senatu

143 1998 271 2059 teneret,
297 1999 327 2047 et
350 1987 443 2047 Curio
467 2006 551 2046 meus
574 1986 657 2048 illum
680 1987 830 2049 incitabat.
878 1987 1028 2048 Antonius
1045 1986 1108 2063 qui·

145 2078 217 2137 dem
242 2086 342 2136 noster
365 2086 394 2136 et
416 2078 453 2152 Q.
473 2075 592 2138 Cassius
609 2080 691 2137 nulla
714 2078 743 2137 vi
766 2075 879 2154 expulsi
894 2079 932 2136 ad
950 2079 1108 2138 Caesarem

143 2186 217 2226 cum
242 2164 373 2227 Curione
396 2164 521 2244 profecti
545 2177 636 2240 erant,
655 2177 759 2245 postea
781 2186 871 2242 quam
893 2175 1012 2226 senatus
1034 2186 1105 2226 con·

144 2414 207 2480 glie,
227 2412 269 2462 del
288 2412 367 2476 figlio,
382 2413 450 2462 della
463 2414 542 2478 figlia,
557 2413 598 2464 del

144 2484 248 2535 fratello
268 2484 343 2534 edel
367 2484 464 2549 nipote.
490 2484 565 2535 Circa
584 2502 600 2535 a

653 2413 701 2463 che
728 2413 747 2462 il
772 2414 866 2464 Senato
892 2413 929 2477 gli
952 2413 1106 2462 coneedesse

652 2485 669 2534 l'
680 2500 760 2534 onore
779 2484 821 2532 del
840 2485 935 2533 trionfo
954 2500 999 2548 per
1017 2483 1042 2533 le
1058 2485 1107 2532 im·

149 2558 180 2617 Q·
202 2555 230 2615 Q·
250 2572 273 2604 v·
294 2557 343 2619 En·
365 2565 404 2618 Ι5·

185 2639 206 2676 1.
235 2627 458 2690 opportunitatem.
488 2625 599 2688 Quando

142 2713 181 2748 ⁴un
201 2698 330 2762 aggettivo
349 2697 456 2746 italiano
475 2698 509 2747 ha
522 2699 598 2763 parti·

143 2769 232 2818 colare
245 2770 410 2833 importanza,
421 2785 508 2834 spesso
521 2770 549 2818 in
561 2770 597 2818 la·

144 2840 201 2890 tino
215 2840 252 2904 gli
265 2841 431 2905 corrisponde
444 2856 479 2888 un
492 2848 597 2890 sostant.

144 2919 259 2969 astratto,
279 2913 353 2973 ossia,
373 2911 395 2960 si
415 2909 466 2976 pud
491 2913 553 2975 dire,
573 2912 599 2960 la

142 2999 191 3032 sua
211 2982 446 3048 personificazione.

182 3053 249 3103 locis.
276 3053 308 3102 In
337 3069 411 3103 senso
439 3053 596 3120 improprio:

144 3125 286 3174 occasioni.

182 3203 347 3259 quartanam.
367 3194 406 3243 Sc.
422 3191 527 3268 febrim.

182 3282 299 3316 nauseae.
310 3267 364 3316 Mal
376 3266 402 3315 di
416 3283 492 3316 mare.
503 3269 526 3317 E
536 3283 599 3316 voce

144 3352 230 3402 greca,
257 3355 270 3387 e
297 3339 382 3386 derisa
406 3337 448 3386 dal
474 3339 599 3388 vocabolo

144 3409 195 3458 che
214 3410 241 3458 in
260 3425 336 3474 greco
355 3409 472 3472 significa
500 3425 599 3459 nave.

184 3492 207 3528 2.
226 3481 264 3527 ad
273 3481 359 3528 urbem
373 3493 425 3529 ecc·
439 3480 531 3542 Cicer.,
551 3480 599 3530 che

146 3557 253 3600 tomara
272 3551 341 3600 dalla
360 3549 492 3616 provincia
512 3552 538 3601 di
557 3552 600 3602 Ci-

149 3619 215 3681 licia,
235 3622 257 3672 si
281 3639 324 3672 era
348 3623 456 3672 fermato
485 3623 550 3673 fuori
573 3623 600 3673 di

146 3693 230 3744 Roma
249 3693 316 3746 colle
328 3693 433 3759 legioni,
447 3695 598 3761 aspettando

652 2571 726 2621 prese
739 2553 792 2618 (del
807 2563 872 2606 resto
886 2571 938 2605 non
952 2555 1032 2604 molto
1045 2571 1106 2604 con·

652 2623 799 2689 siderevoli)
818 2628 851 2676 da
871 2627 907 2676 lui
930 2627 1060 2692 compiute
1079 2629 1106 2677 in

652 2697 721 2749 Asi'a.
735 2699 867 2747 Entrando
877 2699 905 2746 in
917 2696 985 2760 cittd,
997 2699 1107 2748 aurebbe

653 2771 760 2834 perduro
780 2769 942 2832 l'imperium,
956 2786 970 2818 e
984 2770 1073 2834 quindi
1087 2769 1108 2818 il

653 2841 739 2892 diritto
759 2841 783 2890 al
797 2841 897 2890 trionfo.
912 2842 951 2890 La
963 2855 1055 2905 guerra
1071 2841 1106 2890 ci-

652 2911 711 2974 vile,
729 2912 776 2961 che
803 2909 910 2976 seoppid
935 2928 1002 2976 poco
1028 2911 1105 2976 dopo,

653 2981 750 3048 impedi
769 2984 793 3031 al
813 2984 907 3034 Senato
926 2983 953 3032 di
972 2983 1106 3047 occuparsi

653 3055 679 3104 di
698 3055 831 3104 Cicerone.

689 3131 713 3173 et
730 3126 781 3188 :pse
807 3124 909 3174 Caesar.
935 3124 1107 3189 Corrisponde

654 3195 678 3245 al
703 3203 825 3261 seguente
851 3202 876 3244 et
901 3195 988 3246 Curio.
1012 3195 1106 3245 Cesare

653 3283 696 3316 era
716 3285 730 3316 a
744 3270 875 3328 Ravenna,
888 3263 944 3316 cioe
957 3266 997 3316 sui
1010 3266 1107 3316 confini

653 3337 796 3388 dell’Italia
809 3338 925 3387 d'allora.
939 3339 1014 3388 Circa
1028 3354 1043 3387 a
1055 3337 1106 3387 Cu·

653 3409 733 3472 tione,
752 3427 775 3460 v.
796 3411 844 3475 Ep.
865 3419 908 3472 37.

689 3481 763 3528 nulla
781 3481 810 3529 vi
827 3480 933 3543 expulsi.
953 3477 1014 3531 Cosi
1037 3480 1108 3529 dice-

653 3567 719 3601 vano
743 3551 778 3617 gli
800 3553 919 3611 ottimati,
940 3568 981 3601 ma
1005 3552 1110 3601 sembra

653 3623 700 3672 che
714 3623 741 3672 in
756 3622 835 3674 realta
848 3624 945 3674 sossero
957 3623 1015 3674 stati
1028 3623 1112 3673 seria-

652 3702 738 3746 mente
758 3694 913 3746 minacciati.
