<?xml version="1.0" encoding="UTF-8"?>
<!DOCTYPE html PUBLIC "-//W3C//DTD XHTML 1.0 Transitional//EN"
    "http://www.w3.org/TR/xhtml1/DTD/xhtml1-transitional.dtd">
<html xmlns="http://www.w3.org/1999/xhtml" xml:lang="en" lang="en">
 <head>
  <title>
</title>
<meta http-equiv="Content-Type" content="text/html;charset=utf-8" />
  <meta name='ocr-system' content='tesseract 3.04.00' />
  <meta name='ocr-capabilities' content='ocr_page ocr_carea ocr_par ocr_line ocrx_word'/>
</head>
<body>
  <div class='ocr_page' id='page_1' title='image "./epistulaeselect00fumagoog_0070.png"; bbox 0 0 2788 4326; ppageno 0'>
   <div class='ocr_carea' id='block_1_1' title="bbox 466 336 1091 412">
    <p class='ocr_par' dir='ltr' id='par_1_1' title="bbox 466 336 1091 412">
     <span class='ocr_line' id='line_1_1' title="bbox 466 336 1091 412; baseline 0.005 -21"><span class='ocrx_word' id='word_1_1' title='bbox 466 349 616 392; x_wconf 69' lang='lat' dir='ltr'><strong>rrrsrurn</strong></span> <span class='ocrx_word' id='word_1_2' title='bbox 644 336 752 410; x_wconf 84' lang='lat'><strong>55·5⁶·</strong></span> <span class='ocrx_word' id='word_1_3' title='bbox 1049 337 1091 412; x_wconf 79' lang='lat'><strong>⁶3</strong></span> 
     </span>
    </p>
   </div>
   <div class='ocr_carea' id='block_1_2' title="bbox 118 474 1089 1625">
    <p class='ocr_par' dir='ltr' id='par_1_2' title="bbox 118 474 1089 1625">
     <span class='ocr_line' id='line_1_2' title="bbox 120 474 1086 561; baseline -0.004 -21"><span class='ocrx_word' id='word_1_4' title='bbox 120 480 289 561; x_wconf 88' lang='lat' dir='ltr'><strong>productus</strong></span> <span class='ocrx_word' id='word_1_5' title='bbox 311 477 343 536; x_wconf 90' lang='lat' dir='ltr'><strong>in</strong></span> <span class='ocrx_word' id='word_1_6' title='bbox 367 475 537 537; x_wconf 90' lang='lat' dir='ltr'><strong>contionem</strong></span> <span class='ocrx_word' id='word_1_7' title='bbox 561 474 753 548; x_wconf 89' lang='lat' dir='ltr'><strong>aCaunutio,</strong></span> <span class='ocrx_word' id='word_1_8' title='bbox 773 475 941 552; x_wconf 85' lang='lat' dir='ltr'><strong>turpissime</strong></span> <span class='ocrx_word' id='word_1_9' title='bbox 956 475 1007 535; x_wconf 92' lang='lat' dir='ltr'><strong>ille</strong></span> <span class='ocrx_word' id='word_1_10' title='bbox 1022 475 1086 554; x_wconf 91' lang='lat' dir='ltr'><strong>qui-</strong></span> 
     </span>
     <span class='ocr_line' id='line_1_3' title="bbox 118 563 1086 640; baseline -0.004 -10"><span class='ocrx_word' id='word_1_11' title='bbox 118 572 194 631; x_wconf 88' lang='lat' dir='ltr'><strong>dem</strong></span> <span class='ocrx_word' id='word_1_12' title='bbox 218 566 361 640; x_wconf 84' lang='lat' dir='ltr'><strong>discessit,</strong></span> <span class='ocrx_word' id='word_1_13' title='bbox 387 566 440 626; x_wconf 90' lang='lat' dir='ltr'><strong>sed</strong></span> <span class='ocrx_word' id='word_1_14' title='bbox 464 576 564 625; x_wconf 91' lang='lat' dir='ltr'><strong>tamen</strong></span> <span class='ocrx_word' id='word_1_15' title='bbox 588 585 624 625; x_wconf 88' lang='lat' dir='ltr'><strong>ea</strong></span> <span class='ocrx_word' id='word_1_16' title='bbox 654 563 729 623; x_wconf 84' lang='lat' dir='ltr'>dixit</span> <span class='ocrx_word' id='word_1_17' title='bbox 760 566 798 624; x_wconf 91' lang='lat' dir='ltr'><strong>de</strong></span> <span class='ocrx_word' id='word_1_18' title='bbox 825 564 1086 626; x_wconf 84' lang='lat' dir='ltr'><strong>conservatoribus</strong></span> 
     </span>
     <span class='ocr_line' id='line_1_4' title="bbox 122 652 1087 738; baseline -0.004 -20"><span class='ocrx_word' id='word_1_19' title='bbox 122 656 246 738; x_wconf 85' lang='lat' dir='ltr'><strong>patriae,</strong></span> <span class='ocrx_word' id='word_1_20' title='bbox 271 675 348 732; x_wconf 88' lang='lat' dir='ltr'><strong>quae</strong></span> <span class='ocrx_word' id='word_1_21' title='bbox 371 653 430 714; x_wconf 91' lang='lat' dir='ltr'><strong>dici</strong></span> <span class='ocrx_word' id='word_1_22' title='bbox 460 655 605 714; x_wconf 90' lang='lat' dir='ltr'><strong>deberent</strong></span> <span class='ocrx_word' id='word_1_23' title='bbox 632 654 670 712; x_wconf 92' lang='lat' dir='ltr'><strong>de</strong></span> <span class='ocrx_word' id='word_1_24' title='bbox 701 652 923 731; x_wconf 75' lang='lat' dir='ltr'><strong>proditoribus,</strong></span> <span class='ocrx_word' id='word_1_25' title='bbox 970 655 1009 713; x_wconf 85' lang='lat' dir='ltr'><strong>de</strong></span> <span class='ocrx_word' id='word_1_26' title='bbox 1037 673 1087 714; x_wconf 91' lang='lat' dir='ltr'><strong>me</strong></span> 
     </span>
     <span class='ocr_line' id='line_1_5' title="bbox 120 741 1087 826; baseline -0.004 -18"><span class='ocrx_word' id='word_1_27' title='bbox 120 746 245 826; x_wconf 91' lang='lat' dir='ltr'><strong>quidem</strong></span> <span class='ocrx_word' id='word_1_28' title='bbox 269 763 332 806; x_wconf 87' lang='lat' dir='ltr'><strong>non</strong></span> <span class='ocrx_word' id='word_1_29' title='bbox 355 742 534 815; x_wconf 89' lang='lat' dir='ltr'><strong>dubitanter,</strong></span> <span class='ocrx_word' id='word_1_30' title='bbox 559 742 633 819; x_wconf 91' lang='lat' dir='ltr'><strong>quin</strong></span> <span class='ocrx_word' id='word_1_31' title='bbox 661 742 763 802; x_wconf 92' lang='lat' dir='ltr'><strong>omnia</strong></span> <span class='ocrx_word' id='word_1_32' title='bbox 794 743 833 802; x_wconf 93' lang='lat' dir='ltr'><strong>de</strong></span> <span class='ocrx_word' id='word_1_33' title='bbox 859 762 929 804; x_wconf 91' lang='lat' dir='ltr'><strong>meo</strong></span> <span class='ocrx_word' id='word_1_34' title='bbox 960 741 1087 804; x_wconf 90' lang='lat' dir='ltr'><strong>consilio</strong></span> 
     </span>
     <span class='ocr_line' id='line_1_6' title="bbox 121 830 1087 910; baseline -0.007 -13"><span class='ocrx_word' id='word_1_35' title='bbox 121 848 153 897; x_wconf 89' lang='lat' dir='ltr'><strong>et</strong></span> <span class='ocrx_word' id='word_1_36' title='bbox 175 855 229 895; x_wconf 92' lang='lat' dir='ltr'><strong>vos</strong></span> <span class='ocrx_word' id='word_1_37' title='bbox 255 831 398 894; x_wconf 85' lang='lat' dir='ltr'><strong>fecissetis</strong></span> <span class='ocrx_word' id='word_1_38' title='bbox 429 841 459 892; x_wconf 93' lang='lat' dir='ltr'><strong>et</strong></span> <span class='ocrx_word' id='word_1_39' title='bbox 493 830 660 893; x_wconf 76' lang='lat' dir='ltr'><strong>Cannutius</strong></span> <span class='ocrx_word' id='word_1_40' title='bbox 695 833 815 910; x_wconf 78' lang='lat' dir='ltr'><strong>faceret.</strong></span> <span class='ocrx_word' id='word_1_41' title='bbox 866 833 973 893; x_wconf 89' lang='lat' dir='ltr'><strong>Cetera</strong></span> <span class='ocrx_word' id='word_1_42' title='bbox 1001 831 1087 892; x_wconf 90' lang='lat' dir='ltr'><strong>cuius</strong></span> 
     </span>
     <span class='ocr_line' id='line_1_7' title="bbox 121 919 1087 998; baseline -0.005 -13"><span class='ocrx_word' id='word_1_43' title='bbox 121 924 207 985; x_wconf 89' lang='lat' dir='ltr'><strong>modi</strong></span> <span class='ocrx_word' id='word_1_44' title='bbox 222 923 288 996; x_wconf 93' lang='lat' dir='ltr'><strong>siut,</strong></span> <span class='ocrx_word' id='word_1_45' title='bbox 307 942 344 982; x_wconf 89' lang='lat' dir='ltr'><strong>ex</strong></span> <span class='ocrx_word' id='word_1_46' title='bbox 359 925 419 983; x_wconf 90' lang='lat' dir='ltr'><strong>hoe</strong></span> <span class='ocrx_word' id='word_1_47' title='bbox 440 920 548 994; x_wconf 89' lang='lat' dir='ltr'><strong>iudica,</strong></span> <span class='ocrx_word' id='word_1_48' title='bbox 565 921 649 997; x_wconf 91' lang='lat' dir='ltr'><strong>quod</strong></span> <span class='ocrx_word' id='word_1_49' title='bbox 671 922 769 998; x_wconf 88' lang='lat' dir='ltr'><strong>legato</strong></span> <span class='ocrx_word' id='word_1_50' title='bbox 793 931 844 981; x_wconf 91' lang='lat' dir='ltr'><strong>tuo</strong></span> <span class='ocrx_word' id='word_1_51' title='bbox 867 920 1007 988; x_wconf 86' lang='lat' dir='ltr'><strong>viaticum</strong></span> <span class='ocrx_word' id='word_1_52' title='bbox 1031 919 1087 980; x_wconf 88' lang='lat' dir='ltr'><strong>eri·</strong></span> 
     </span>
     <span class='ocr_line' id='line_1_8' title="bbox 120 1008 1086 1093; baseline -0.004 -19"><span class='ocrx_word' id='word_1_53' title='bbox 120 1024 262 1093; x_wconf 87' lang='lat' dir='ltr'><strong>puerunt.</strong></span> <span class='ocrx_word' id='word_1_54' title='bbox 312 1011 393 1087; x_wconf 90' lang='lat' dir='ltr'><strong>Quid</strong></span> <span class='ocrx_word' id='word_1_55' title='bbox 428 1030 478 1070; x_wconf 90' lang='lat' dir='ltr'><strong>eos</strong></span> <span class='ocrx_word' id='word_1_56' title='bbox 513 1008 700 1087; x_wconf 89' lang='lat' dir='ltr'><strong>interpretari</strong></span> <span class='ocrx_word' id='word_1_57' title='bbox 734 1019 828 1087; x_wconf 88' lang='lat' dir='ltr'><strong>putas,</strong></span> <span class='ocrx_word' id='word_1_58' title='bbox 857 1028 926 1071; x_wconf 91' lang='lat' dir='ltr'><strong>cum</strong></span> <span class='ocrx_word' id='word_1_59' title='bbox 956 1012 1016 1070; x_wconf 92' lang='lat' dir='ltr'><strong>hoc</strong></span> <span class='ocrx_word' id='word_1_60' title='bbox 1044 1012 1086 1070; x_wconf 84' lang='lat' dir='ltr'><strong>fa·</strong></span> 
     </span>
     <span class='ocr_line' id='line_1_9' title="bbox 119 1097 1083 1176; baseline -0.005 -12"><span class='ocrx_word' id='word_1_61' title='bbox 119 1103 228 1164; x_wconf 86' lang='lat' dir='ltr'><strong>ciunt?</strong></span> <span class='ocrx_word' id='word_1_62' title='bbox 273 1103 322 1161; x_wconf 90' lang='lat' dir='ltr'><strong>Ad</strong></span> <span class='ocrx_word' id='word_1_63' title='bbox 345 1103 463 1160; x_wconf 90' lang='lat' dir='ltr'><strong>hostem</strong></span> <span class='ocrx_word' id='word_1_64' title='bbox 486 1098 598 1160; x_wconf 90' lang='lat' dir='ltr'><strong>scilicet</strong></span> <span class='ocrx_word' id='word_1_65' title='bbox 620 1099 742 1176; x_wconf 88' lang='lat' dir='ltr'><strong>portari.</strong></span> <span class='ocrx_word' id='word_1_66' title='bbox 789 1100 903 1160; x_wconf 89' lang='lat' dir='ltr'><strong>Orem</strong></span> <span class='ocrx_word' id='word_1_67' title='bbox 926 1097 1083 1160; x_wconf 89' lang='lat' dir='ltr'><strong>miseraml</strong></span> 
     </span>
     <span class='ocr_line' id='line_1_10' title="bbox 120 1187 1086 1266; baseline -0.004 -14"><span class='ocrx_word' id='word_1_68' title='bbox 120 1191 287 1252; x_wconf 88' lang='lat' dir='ltr'><strong>Dominum</strong></span> <span class='ocrx_word' id='word_1_69' title='bbox 311 1192 387 1249; x_wconf 89' lang='lat' dir='ltr'><strong>ferre</strong></span> <span class='ocrx_word' id='word_1_70' title='bbox 410 1209 472 1249; x_wconf 89' lang='lat' dir='ltr'><strong>non</strong></span> <span class='ocrx_word' id='word_1_71' title='bbox 488 1187 655 1266; x_wconf 90' lang='lat' dir='ltr'><strong>potuimus;</strong></span> <span class='ocrx_word' id='word_1_72' title='bbox 695 1207 839 1248; x_wconf 92' lang='lat' dir='ltr'><strong>conservo</strong></span> <span class='ocrx_word' id='word_1_73' title='bbox 856 1193 1009 1250; x_wconf 82' lang='lat' dir='ltr'><strong>servimus</strong></span> <span class='ocrx_word' id='word_1_74' title='bbox 1045 1191 1086 1248; x_wconf 86' lang='lat' dir='ltr'><strong>Et</strong></span> 
     </span>
     <span class='ocr_line' id='line_1_11' title="bbox 120 1275 1086 1356; baseline -0.006 -14"><span class='ocrx_word' id='word_1_75' title='bbox 120 1293 224 1343; x_wconf 86' lang='lat' dir='ltr'><strong>tamen</strong></span> <span class='ocrx_word' id='word_1_76' title='bbox 247 1299 296 1339; x_wconf 79' lang='lat' dir='ltr'><strong>nse</strong></span> <span class='ocrx_word' id='word_1_77' title='bbox 320 1278 442 1356; x_wconf 90' lang='lat' dir='ltr'><strong>quidem</strong></span> <span class='ocrx_word' id='word_1_78' title='bbox 466 1279 585 1337; x_wconf 88' lang='lat' dir='ltr'><strong>favente</strong></span> <span class='ocrx_word' id='word_1_79' title='bbox 608 1276 701 1354; x_wconf 90' lang='lat' dir='ltr'><strong>magis</strong></span> <span class='ocrx_word' id='word_1_80' title='bbox 723 1295 813 1353; x_wconf 90' lang='lat' dir='ltr'><strong>quam</strong></span> <span class='ocrx_word' id='word_1_81' title='bbox 837 1287 974 1354; x_wconf 88' lang='lat' dir='ltr'><strong>sperante</strong></span> <span class='ocrx_word' id='word_1_82' title='bbox 995 1275 1086 1336; x_wconf 88' lang='lat' dir='ltr'><strong>etiam</strong></span> 
     </span>
     <span class='ocr_line' id='line_1_12' title="bbox 122 1365 1088 1444; baseline -0.005 -13"><span class='ocrx_word' id='word_1_83' title='bbox 122 1390 205 1431; x_wconf 90' lang='lat' dir='ltr'><strong>nunc</strong></span> <span class='ocrx_word' id='word_1_84' title='bbox 227 1367 337 1428; x_wconf 90' lang='lat' dir='ltr'><strong>residet</strong></span> <span class='ocrx_word' id='word_1_85' title='bbox 360 1387 428 1444; x_wconf 91' lang='lat' dir='ltr'><strong>spes</strong></span> <span class='ocrx_word' id='word_1_86' title='bbox 443 1365 475 1425; x_wconf 91' lang='lat' dir='ltr'><strong>in</strong></span> <span class='ocrx_word' id='word_1_87' title='bbox 490 1365 598 1426; x_wconf 90' lang='lat' dir='ltr'><strong>virtute</strong></span> <span class='ocrx_word' id='word_1_88' title='bbox 614 1377 674 1425; x_wconf 93' lang='lat' dir='ltr'><strong>tua.</strong></span> <span class='ocrx_word' id='word_1_89' title='bbox 714 1366 774 1425; x_wconf 91' lang='lat' dir='ltr'><strong>Sed</strong></span> <span class='ocrx_word' id='word_1_90' title='bbox 797 1365 849 1425; x_wconf 91' lang='lat' dir='ltr'><strong>ubi</strong></span> <span class='ocrx_word' id='word_1_91' title='bbox 866 1374 934 1426; x_wconf 88' lang='lat' dir='ltr'><strong>sunt</strong></span> <span class='ocrx_word' id='word_1_92' title='bbox 958 1365 1088 1443; x_wconf 86' lang='lat' dir='ltr'><strong>copiae?</strong></span> 
     </span>
     <span class='ocr_line' id='line_1_13' title="bbox 121 1449 1089 1534; baseline -0.004 -15"><span class='ocrx_word' id='word_1_93' title='bbox 121 1449 169 1519; x_wconf 78' lang='lat' dir='ltr'><strong>De</strong></span> <span class='ocrx_word' id='word_1_94' title='bbox 193 1459 312 1534; x_wconf 89' lang='lat' dir='ltr'><strong>reliquo</strong></span> <span class='ocrx_word' id='word_1_95' title='bbox 335 1458 414 1516; x_wconf 87' lang='lat' dir='ltr'><strong>malo</strong></span> <span class='ocrx_word' id='word_1_96' title='bbox 445 1465 475 1515; x_wconf 91' lang='lat' dir='ltr'><strong>te</strong></span> <span class='ocrx_word' id='word_1_97' title='bbox 502 1454 598 1532; x_wconf 89' lang='lat' dir='ltr'><strong>ipsum</strong></span> <span class='ocrx_word' id='word_1_98' title='bbox 630 1465 729 1515; x_wconf 89' lang='lat' dir='ltr'><strong>tecum</strong></span> <span class='ocrx_word' id='word_1_99' title='bbox 755 1453 839 1532; x_wconf 90' lang='lat' dir='ltr'><strong>loqui</strong></span> <span class='ocrx_word' id='word_1_100' title='bbox 868 1475 957 1530; x_wconf 88' lang='lat' dir='ltr'><strong>quam</strong></span> <span class='ocrx_word' id='word_1_101' title='bbox 986 1465 1089 1515; x_wconf 86' lang='lat' dir='ltr'><strong>nostra</strong></span> 
     </span>
     <span class='ocr_line' id='line_1_14' title="bbox 118 1539 550 1625; baseline -0.012 -17"><span class='ocrx_word' id='word_1_102' title='bbox 118 1547 203 1610; x_wconf 84' lang='lat' dir='ltr'><strong>dicta</strong></span> <span class='ocrx_word' id='word_1_103' title='bbox 226 1539 416 1625; x_wconf 81' lang='lat' dir='ltr'><strong>cognoscere.</strong></span> <span class='ocrx_word' id='word_1_104' title='bbox 463 1546 550 1604; x_wconf 85' lang='lat' dir='ltr'><strong>Vale.</strong></span> 
     </span>
    </p>
   </div>
   <div class='ocr_carea' id='block_1_3' title="bbox 199 1727 1006 1936">
    <p class='ocr_par' dir='ltr' id='par_1_3' title="bbox 199 1727 1006 1936">
     <span class='ocr_line' id='line_1_15' title="bbox 583 1727 646 1793; baseline 0.032 -2"><span class='ocrx_word' id='word_1_105' title='bbox 583 1727 646 1793; x_wconf 78' lang='lat'><strong>56.</strong></span> 
     </span>
     <span class='ocr_line' id='line_1_16' title="bbox 199 1871 1006 1936; baseline -0.005 0"><span class='ocrx_word' id='word_1_106' title='bbox 199 1874 351 1936; x_wconf 84' lang='lat' dir='ltr'><strong>CICERO</strong></span> <span class='ocrx_word' id='word_1_107' title='bbox 373 1873 648 1932; x_wconf 88' lang='lat' dir='ltr'>DOLABELLAE</span> <span class='ocrx_word' id='word_1_108' title='bbox 670 1871 849 1932; x_wconf 89' lang='lat' dir='ltr'>CONSULI</span> <span class='ocrx_word' id='word_1_109' title='bbox 872 1872 951 1931; x_wconf 92' lang='lat' dir='ltr'><strong>SUO</strong></span> <span class='ocrx_word' id='word_1_110' title='bbox 976 1873 1006 1933; x_wconf 91' lang='lat' dir='ltr'><strong>S.</strong></span> 
     </span>
    </p>
   </div>
   <div class='ocr_carea' id='block_1_4' title="bbox 122 2057 1089 2231">
    <p class='ocr_par' dir='ltr' id='par_1_4' title="bbox 122 2057 1089 2231">
     <span class='ocr_line' id='line_1_17' title="bbox 169 2057 1089 2138; baseline -0.004 -15"><span class='ocrx_word' id='word_1_111' title='bbox 169 2061 234 2123; x_wconf 90' lang='lat' dir='ltr'><strong>Etsi</strong></span> <span class='ocrx_word' id='word_1_112' title='bbox 257 2071 414 2123; x_wconf 89' lang='lat' dir='ltr'><strong>contentus</strong></span> <span class='ocrx_word' id='word_1_113' title='bbox 438 2079 527 2131; x_wconf 88' lang='lat' dir='ltr'><strong>eram,</strong></span> <span class='ocrx_word' id='word_1_114' title='bbox 552 2057 594 2117; x_wconf 91' lang='lat' dir='ltr'><strong>mi</strong></span> <span class='ocrx_word' id='word_1_115' title='bbox 617 2061 784 2120; x_wconf 88' lang='lat' dir='ltr'><strong>Dolabella.</strong></span> <span class='ocrx_word' id='word_1_116' title='bbox 809 2060 903 2138; x_wconf 88' lang='lat' dir='ltr'><strong>gloria</strong></span> <span class='ocrx_word' id='word_1_117' title='bbox 933 2071 985 2120; x_wconf 88' lang='lat' dir='ltr'><strong>tua</strong></span> <span class='ocrx_word' id='word_1_118' title='bbox 1007 2059 1089 2120; x_wconf 89' lang='lat' dir='ltr'><strong>satis-</strong></span> 
     </span>
     <span class='ocr_line' id='line_1_18' title="bbox 122 2147 1088 2231; baseline -0.003 -19"><span class='ocrx_word' id='word_1_119' title='bbox 122 2173 183 2231; x_wconf 92' lang='lat' dir='ltr'><strong>que</strong></span> <span class='ocrx_word' id='word_1_120' title='bbox 208 2159 246 2211; x_wconf 88' lang='lat' dir='ltr'><strong>e&#39;x</strong></span> <span class='ocrx_word' id='word_1_121' title='bbox 268 2170 304 2210; x_wconf 92' lang='lat' dir='ltr'><strong>ea</strong></span> <span class='ocrx_word' id='word_1_122' title='bbox 326 2169 464 2226; x_wconf 87' lang='lat' dir='ltr'><strong>magnam</strong></span> <span class='ocrx_word' id='word_1_123' title='bbox 489 2147 632 2208; x_wconf 89' lang='lat' dir='ltr'><strong>laetitiam</strong></span> <span class='ocrx_word' id='word_1_124' title='bbox 656 2151 899 2226; x_wconf 88' lang='lat' dir='ltr'><strong>voluptatemque</strong></span> <span class='ocrx_word' id='word_1_125' title='bbox 920 2148 1088 2227; x_wconf 86' lang='lat' dir='ltr'><strong>capiebam,</strong></span> 
     </span>
    </p>
   </div>
   <div class='ocr_carea' id='block_1_5' title="bbox 123 2340 939 2478">
    <p class='ocr_par' dir='ltr' id='par_1_5' title="bbox 123 2340 939 2478">
     <span class='ocr_line' id='line_1_19' title="bbox 160 2340 927 2409; baseline -0.009 -12"><span class='ocrx_word' id='word_1_126' title='bbox 160 2361 184 2397; x_wconf 88' lang='lat'><strong>2.</strong></span> <span class='ocrx_word' id='word_1_127' title='bbox 204 2345 375 2409; x_wconf 78' lang='lat' dir='ltr'><strong>turpissime...</strong></span> <span class='ocrx_word' id='word_1_128' title='bbox 395 2343 512 2392; x_wconf 84' lang='lat' dir='ltr'><strong>discessit.</strong></span> <span class='ocrx_word' id='word_1_129' title='bbox 541 2343 574 2391; x_wconf 91' lang='lat' dir='ltr'><strong>Vi</strong></span> <span class='ocrx_word' id='word_1_130' title='bbox 666 2342 804 2390; x_wconf 79' lang='lat' dir='ltr'><strong>dontinum.</strong></span> <span class='ocrx_word' id='word_1_131' title='bbox 825 2340 927 2392; x_wconf 82' lang='lat' dir='ltr'><strong>Cesare.</strong></span> 
     </span>
     <span class='ocr_line' id='line_1_20' title="bbox 123 2414 939 2478; baseline -0.009 -10"><span class='ocrx_word' id='word_1_132' title='bbox 123 2419 178 2468; x_wconf 87' lang='lat' dir='ltr'><strong>sece</strong></span> <span class='ocrx_word' id='word_1_133' title='bbox 196 2433 249 2467; x_wconf 87' lang='lat' dir='ltr'><strong>una</strong></span> <span class='ocrx_word' id='word_1_134' title='bbox 268 2414 472 2466; x_wconf 86' lang='lat' dir='ltr'><strong>meschinissima</strong></span> <span class='ocrx_word' id='word_1_135' title='bbox 485 2414 573 2478; x_wconf 89' lang='lat' dir='ltr'><strong>figura.</strong></span> <span class='ocrx_word' id='word_1_136' title='bbox 666 2429 793 2463; x_wconf 79' lang='lat' dir='ltr'><strong>conservo.</strong></span> <span class='ocrx_word' id='word_1_137' title='bbox 817 2415 939 2463; x_wconf 84' lang='lat' dir='ltr'><strong>Antonio.</strong></span> 
     </span>
    </p>
   </div>
   <div class='ocr_carea' id='block_1_6' title="bbox 630 2480 1086 2621">
    <p class='ocr_par' dir='ltr' id='par_1_6' title="bbox 630 2480 1086 2621">
     <span class='ocr_line' id='line_1_21' title="bbox 666 2480 1086 2549; baseline 0 -15"><span class='ocrx_word' id='word_1_138' title='bbox 666 2483 721 2549; x_wconf 81' lang='lat' dir='ltr'><strong>Ep.</strong></span> <span class='ocrx_word' id='word_1_139' title='bbox 741 2480 790 2535; x_wconf 77' lang='grc'><strong>56.</strong></span> <span class='ocrx_word' id='word_1_140' title='bbox 803 2485 881 2534; x_wconf 88' lang='lat' dir='ltr'><strong>Dalla</strong></span> <span class='ocrx_word' id='word_1_141' title='bbox 894 2484 955 2534; x_wconf 83' lang='lat' dir='ltr'><strong>villa</strong></span> <span class='ocrx_word' id='word_1_142' title='bbox 968 2485 994 2534; x_wconf 89' lang='lat' dir='ltr'><strong>di</strong></span> <span class='ocrx_word' id='word_1_143' title='bbox 1008 2488 1086 2536; x_wconf 88' lang='lat' dir='ltr'><strong>Pom·</strong></span> 
     </span>
     <span class='ocr_line' id='line_1_22' title="bbox 630 2555 1086 2621; baseline 0.004 -16"><span class='ocrx_word' id='word_1_144' title='bbox 630 2557 680 2621; x_wconf 80' lang='lat' dir='ltr'><strong>pei,</strong></span> <span class='ocrx_word' id='word_1_145' title='bbox 706 2555 731 2604; x_wconf 91' lang='lat' dir='ltr'><strong>le</strong></span> <span class='ocrx_word' id='word_1_146' title='bbox 755 2572 824 2606; x_wconf 90' lang='lat' dir='ltr'><strong>none</strong></span> <span class='ocrx_word' id='word_1_147' title='bbox 848 2558 873 2605; x_wconf 93' lang='lat' dir='ltr'><strong>di</strong></span> <span class='ocrx_word' id='word_1_148' title='bbox 903 2557 1006 2621; x_wconf 87' lang='lat' dir='ltr'><strong>maggio</strong></span> <span class='ocrx_word' id='word_1_149' title='bbox 1031 2558 1086 2607; x_wconf 90' lang='lat' dir='ltr'><strong>del·</strong></span> 
     </span>
    </p>
   </div>
   <div class='ocr_carea' id='block_1_7' title="bbox 120 2484 575 2628">
    <p class='ocr_par' dir='ltr' id='par_1_7' title="bbox 120 2484 575 2628">
     <span class='ocr_line' id='line_1_23' title="bbox 120 2484 575 2550; baseline -0.018 -9"><span class='ocrx_word' id='word_1_150' title='bbox 120 2489 264 2550; x_wconf 74' lang='lat' dir='ltr'><strong>Cannutio,</strong></span> <span class='ocrx_word' id='word_1_151' title='bbox 274 2488 323 2536; x_wconf 89' lang='lat' dir='ltr'><strong>che</strong></span> <span class='ocrx_word' id='word_1_152' title='bbox 334 2503 377 2535; x_wconf 87' lang='lat' dir='ltr'><strong>era</strong></span> <span class='ocrx_word' id='word_1_153' title='bbox 391 2486 493 2535; x_wconf 89' lang='lat' dir='ltr'><strong>tribuno</strong></span> <span class='ocrx_word' id='word_1_154' title='bbox 506 2484 575 2534; x_wconf 84' lang='lat' dir='ltr'><strong>della</strong></span> 
     </span>
     <span class='ocr_line' id='line_1_24' title="bbox 123 2557 575 2628; baseline -0.009 -18"><span class='ocrx_word' id='word_1_155' title='bbox 123 2561 199 2628; x_wconf 90' lang='lat' dir='ltr'><strong>plebe</strong></span> <span class='ocrx_word' id='word_1_156' title='bbox 218 2576 233 2610; x_wconf 92' lang='lat' dir='ltr'><strong>e</strong></span> <span class='ocrx_word' id='word_1_157' title='bbox 245 2559 390 2624; x_wconf 86' lang='lat' dir='ltr'><strong>partigiano</strong></span> <span class='ocrx_word' id='word_1_158' title='bbox 404 2557 473 2621; x_wconf 87' lang='lat' dir='ltr'><strong>degli</strong></span> <span class='ocrx_word' id='word_1_159' title='bbox 487 2557 575 2606; x_wconf 86' lang='lat' dir='ltr'><strong>aristo·</strong></span> 
     </span>
    </p>
   </div>
   <div class='ocr_carea' id='block_1_8' title="bbox 122 2627 576 3763">
    <p class='ocr_par' dir='ltr' id='par_1_8' title="bbox 123 2627 576 2755">
     <span class='ocr_line' id='line_1_25' title="bbox 123 2627 576 2695; baseline -0.018 -12"><span class='ocrx_word' id='word_1_160' title='bbox 123 2632 220 2692; x_wconf 72' lang='lat' dir='ltr'><strong>critici,</strong></span> <span class='ocrx_word' id='word_1_161' title='bbox 249 2631 286 2695; x_wconf 88' lang='lat' dir='ltr'><strong>gli</strong></span> <span class='ocrx_word' id='word_1_162' title='bbox 314 2645 394 2679; x_wconf 83' lang='lat' dir='ltr'><strong>aveva</strong></span> <span class='ocrx_word' id='word_1_163' title='bbox 421 2628 482 2678; x_wconf 89' lang='lat' dir='ltr'><strong>dato</strong></span> <span class='ocrx_word' id='word_1_164' title='bbox 509 2627 576 2677; x_wconf 83' lang='lat' dir='ltr'><strong>sulla</strong></span> 
     </span>
     <span class='ocr_line' id='line_1_26' title="bbox 123 2720 220 2755; baseline 0.031 -3"><span class='ocrx_word' id='word_1_165' title='bbox 123 2720 194 2755; x_wconf 90' lang='lat' dir='ltr'><strong>voce.</strong></span> <span class='ocrx_word' id='word_1_166' title='bbox 218 2740 220 2755; x_wconf 70' lang='lat'><strong>.</strong></span> 
     </span>
    </p>

    <p class='ocr_par' dir='ltr' id='par_1_9' title="bbox 122 2761 574 2906">
     <span class='ocr_line' id='line_1_27' title="bbox 159 2761 574 2834; baseline -0.014 -10"><span class='ocrx_word' id='word_1_167' title='bbox 159 2791 211 2824; x_wconf 84' lang='lat' dir='ltr'><strong>non</strong></span> <span class='ocrx_word' id='word_1_168' title='bbox 231 2773 385 2828; x_wconf 78' lang='lat' dir='ltr'><strong>dubitanter,</strong></span> <span class='ocrx_word' id='word_1_169' title='bbox 399 2770 471 2834; x_wconf 84' lang='lat' dir='ltr'><strong>quin.</strong></span> <span class='ocrx_word' id='word_1_170' title='bbox 487 2761 574 2819; x_wconf 73' lang='lat' dir='ltr'><strong>lillissi</strong></span> 
     </span>
     <span class='ocr_line' id='line_1_28' title="bbox 122 2842 538 2906; baseline -0.014 -10"><span class='ocrx_word' id='word_1_171' title='bbox 122 2847 165 2896; x_wconf 91' lang='lat' dir='ltr'><strong>del</strong></span> <span class='ocrx_word' id='word_1_172' title='bbox 182 2846 268 2905; x_wconf 91' lang='lat' dir='ltr'><strong>verbo,</strong></span> <span class='ocrx_word' id='word_1_173' title='bbox 288 2842 364 2892; x_wconf 81' lang='lat' dir='ltr'><strong>facile</strong></span> <span class='ocrx_word' id='word_1_174' title='bbox 384 2859 399 2890; x_wconf 86' lang='lat' dir='ltr'><strong>a</strong></span> <span class='ocrx_word' id='word_1_175' title='bbox 416 2842 538 2906; x_wconf 91' lang='lat' dir='ltr'><strong>supplire.</strong></span> 
     </span>
    </p>

    <p class='ocr_par' dir='ltr' id='par_1_10' title="bbox 122 2913 576 3269">
     <span class='ocr_line' id='line_1_29' title="bbox 159 2913 574 2980; baseline -0.007 -15"><span class='ocrx_word' id='word_1_176' title='bbox 159 2918 247 2980; x_wconf 80' lang='lat' dir='ltr'><strong>legato.</strong></span> <span class='ocrx_word' id='word_1_177' title='bbox 256 2915 278 2964; x_wconf 95' lang='lat' dir='ltr'><strong>Il</strong></span> <span class='ocrx_word' id='word_1_178' title='bbox 288 2915 471 2978; x_wconf 88' lang='lat' dir='ltr'><strong>luogotenente</strong></span> <span class='ocrx_word' id='word_1_179' title='bbox 481 2913 506 2962; x_wconf 94' lang='lat' dir='ltr'><strong>di</strong></span> <span class='ocrx_word' id='word_1_180' title='bbox 514 2913 574 2962; x_wconf 87' lang='lat' dir='ltr'><strong>Cas·</strong></span> 
     </span>
     <span class='ocr_line' id='line_1_30' title="bbox 122 2983 575 3050; baseline -0.011 -12"><span class='ocrx_word' id='word_1_181' title='bbox 122 2989 169 3048; x_wconf 88' lang='lat' dir='ltr'><strong>sio,</strong></span> <span class='ocrx_word' id='word_1_182' title='bbox 189 2988 237 3037; x_wconf 89' lang='lat' dir='ltr'><strong>che</strong></span> <span class='ocrx_word' id='word_1_183' title='bbox 263 3003 306 3037; x_wconf 80' lang='lat' dir='ltr'><strong>era</strong></span> <span class='ocrx_word' id='word_1_184' title='bbox 330 2984 481 3050; x_wconf 86' lang='lat' dir='ltr'><strong>proconsole</strong></span> <span class='ocrx_word' id='word_1_185' title='bbox 507 2983 575 3033; x_wconf 86' lang='lat' dir='ltr'><strong>della</strong></span> 
     </span>
     <span class='ocr_line' id='line_1_31' title="bbox 122 3055 575 3123; baseline -0.015 -13"><span class='ocrx_word' id='word_1_186' title='bbox 122 3061 196 3112; x_wconf 84' lang='lat' dir='ltr'><strong>Siria.</strong></span> <span class='ocrx_word' id='word_1_187' title='bbox 216 3058 229 3106; x_wconf 89' lang='lat'><strong>1</strong></span> <span class='ocrx_word' id='word_1_188' title='bbox 248 3057 386 3123; x_wconf 87' lang='lat' dir='ltr'><strong>partigiani</strong></span> <span class='ocrx_word' id='word_1_189' title='bbox 411 3056 437 3104; x_wconf 87' lang='lat' dir='ltr'><strong>di</strong></span> <span class='ocrx_word' id='word_1_190' title='bbox 459 3055 575 3104; x_wconf 88' lang='lat' dir='ltr'><strong>Antonio</strong></span> 
     </span>
     <span class='ocr_line' id='line_1_32' title="bbox 122 3127 576 3196; baseline -0.011 -16"><span class='ocrx_word' id='word_1_191' title='bbox 122 3131 159 3196; x_wconf 88' lang='lat' dir='ltr'><strong>gli</strong></span> <span class='ocrx_word' id='word_1_192' title='bbox 172 3145 286 3180; x_wconf 82' lang='lat' dir='ltr'><strong>avevano</strong></span> <span class='ocrx_word' id='word_1_193' title='bbox 300 3129 364 3178; x_wconf 86' lang='lat' dir='ltr'><strong>tolto</strong></span> <span class='ocrx_word' id='word_1_194' title='bbox 383 3127 510 3192; x_wconf 85' lang='lat' dir='ltr'><strong>l&#39;assegno</strong></span> <span class='ocrx_word' id='word_1_195' title='bbox 529 3142 576 3192; x_wconf 87' lang='lat' dir='ltr'><strong>per</strong></span> 
     </span>
     <span class='ocr_line' id='line_1_33' title="bbox 123 3199 419 3269; baseline -0.014 -18"><span class='ocrx_word' id='word_1_196' title='bbox 123 3203 148 3252; x_wconf 84' lang='lat' dir='ltr'><strong>le</strong></span> <span class='ocrx_word' id='word_1_197' title='bbox 166 3217 240 3269; x_wconf 86' lang='lat' dir='ltr'><strong>spese</strong></span> <span class='ocrx_word' id='word_1_198' title='bbox 261 3201 288 3248; x_wconf 91' lang='lat' dir='ltr'><strong>di</strong></span> <span class='ocrx_word' id='word_1_199' title='bbox 306 3199 419 3263; x_wconf 82' lang='lat' dir='ltr'><strong>viaggio.</strong></span> 
     </span>
    </p>

    <p class='ocr_par' dir='ltr' id='par_1_11' title="bbox 122 3269 575 3395">
     <span class='ocr_line' id='line_1_34' title="bbox 161 3269 575 3334; baseline -0.012 -12"><span class='ocrx_word' id='word_1_200' title='bbox 161 3273 267 3334; x_wconf 82' lang='lat' dir='ltr'><strong>Quid...</strong></span> <span class='ocrx_word' id='word_1_201' title='bbox 294 3269 471 3333; x_wconf 81' lang='lat' dir='ltr'><strong>interpretari.</strong></span> <span class='ocrx_word' id='word_1_202' title='bbox 494 3269 575 3319; x_wconf 88' lang='lat' dir='ltr'><strong>Come</strong></span> 
     </span>
     <span class='ocr_line' id='line_1_35' title="bbox 122 3341 574 3395; baseline -0.013 0"><span class='ocrx_word' id='word_1_203' title='bbox 122 3345 192 3395; x_wconf 86' lang='lat' dir='ltr'><strong>credi</strong></span> <span class='ocrx_word' id='word_1_204' title='bbox 212 3352 239 3394; x_wconf 89' lang='lat' dir='ltr'><strong>tu</strong></span> <span class='ocrx_word' id='word_1_205' title='bbox 258 3342 305 3392; x_wconf 84' lang='lat' dir='ltr'><strong>che</strong></span> <span class='ocrx_word' id='word_1_206' title='bbox 324 3342 350 3391; x_wconf 89' lang='lat' dir='ltr'><strong>la</strong></span> <span class='ocrx_word' id='word_1_207' title='bbox 368 3341 508 3390; x_wconf 85' lang='lat' dir='ltr'><strong>intendano</strong></span> <span class='ocrx_word' id='word_1_208' title='bbox 521 3354 574 3390; x_wconf 87' lang='lat' dir='ltr'><strong>ecc.</strong></span> 
     </span>
    </p>

    <p class='ocr_par' dir='ltr' id='par_1_12' title="bbox 123 3412 575 3763">
     <span class='ocr_line' id='line_1_36' title="bbox 158 3412 575 3476; baseline -0.007 -13"><span class='ocrx_word' id='word_1_209' title='bbox 158 3416 196 3463; x_wconf 83' lang='lat' dir='ltr'><strong>ad</strong></span> <span class='ocrx_word' id='word_1_210' title='bbox 210 3415 252 3464; x_wconf 79' lang='lat' dir='ltr'><strong>lt...</strong></span> <span class='ocrx_word' id='word_1_211' title='bbox 267 3414 379 3476; x_wconf 82' lang='lat' dir='ltr'><strong>portari.</strong></span> <span class='ocrx_word' id='word_1_212' title='bbox 399 3414 448 3462; x_wconf 85' lang='lat' dir='ltr'><strong>Par</strong></span> <span class='ocrx_word' id='word_1_213' title='bbox 472 3412 519 3460; x_wconf 92' lang='lat' dir='ltr'><strong>che</strong></span> <span class='ocrx_word' id='word_1_214' title='bbox 540 3412 575 3460; x_wconf 90' lang='lat' dir='ltr'><strong>si·</strong></span> 
     </span>
     <span class='ocr_line' id='line_1_37' title="bbox 123 3479 575 3552; baseline -0.011 -16"><span class='ocrx_word' id='word_1_215' title='bbox 123 3487 245 3552; x_wconf 87' lang='lat' dir='ltr'><strong>gnifichi:</strong></span> <span class='ocrx_word' id='word_1_216' title='bbox 266 3484 320 3534; x_wconf 88' lang='lat' dir='ltr'><strong>Che</strong></span> <span class='ocrx_word' id='word_1_217' title='bbox 340 3483 392 3550; x_wconf 83' lang='lat' dir='ltr'><strong>egli</strong></span> <span class='ocrx_word' id='word_1_218' title='bbox 415 3480 446 3548; x_wconf 94' lang='lat' dir='ltr'><strong>(il</strong></span> <span class='ocrx_word' id='word_1_219' title='bbox 466 3479 575 3547; x_wconf 80' lang='lat' dir='ltr'><strong>legatus)</strong></span> 
     </span>
     <span class='ocr_line' id='line_1_38' title="bbox 124 3551 572 3618; baseline -0.009 -11"><span class='ocrx_word' id='word_1_220' title='bbox 124 3574 150 3607; x_wconf 91' lang='lat' dir='ltr'><strong>se</strong></span> <span class='ocrx_word' id='word_1_221' title='bbox 169 3574 202 3607; x_wconf 88' lang='lat' dir='ltr'><strong>ne</strong></span> <span class='ocrx_word' id='word_1_222' title='bbox 220 3573 252 3605; x_wconf 89' lang='lat' dir='ltr'><strong>va</strong></span> <span class='ocrx_word' id='word_1_223' title='bbox 274 3557 298 3605; x_wconf 83' lang='lat' dir='ltr'><strong>al</strong></span> <span class='ocrx_word' id='word_1_224' title='bbox 324 3555 426 3605; x_wconf 89' lang='lat' dir='ltr'><strong>nemico</strong></span> <span class='ocrx_word' id='word_1_225' title='bbox 451 3551 572 3618; x_wconf 82' lang='lat' dir='ltr'><strong>(Cassio).</strong></span> 
     </span>
     <span class='ocr_line' id='line_1_39' title="bbox 123 3621 575 3692; baseline -0.011 -14"><span class='ocrx_word' id='word_1_226' title='bbox 123 3629 168 3678; x_wconf 80' lang='lat' dir='ltr'><strong>Ma</strong></span> <span class='ocrx_word' id='word_1_227' title='bbox 186 3628 205 3678; x_wconf 87' lang='lat' dir='ltr'><strong>il</strong></span> <span class='ocrx_word' id='word_1_228' title='bbox 226 3628 306 3692; x_wconf 92' lang='lat' dir='ltr'><strong>luogo</strong></span> <span class='ocrx_word' id='word_1_229' title='bbox 330 3642 383 3677; x_wconf 90' lang='lat' dir='ltr'><strong>non</strong></span> <span class='ocrx_word' id='word_1_230' title='bbox 406 3621 421 3673; x_wconf 73' lang='grc' dir='ltr'>ὲ</span> <span class='ocrx_word' id='word_1_231' title='bbox 444 3625 541 3688; x_wconf 80' lang='lat' dir='ltr'><strong>chloro,</strong></span> <span class='ocrx_word' id='word_1_232' title='bbox 560 3640 575 3673; x_wconf 89' lang='lat' dir='ltr'><strong>e</strong></span> 
     </span>
     <span class='ocr_line' id='line_1_40' title="bbox 125 3693 501 3763; baseline -0.008 -15"><span class='ocrx_word' id='word_1_233' title='bbox 125 3699 190 3750; x_wconf 89' lang='lat' dir='ltr'><strong>forse</strong></span> <span class='ocrx_word' id='word_1_234' title='bbox 208 3700 234 3749; x_wconf 89' lang='lat' dir='ltr'><strong>la</strong></span> <span class='ocrx_word' id='word_1_235' title='bbox 252 3699 352 3749; x_wconf 89' lang='lat' dir='ltr'><strong>lezione</strong></span> <span class='ocrx_word' id='word_1_236' title='bbox 371 3693 385 3746; x_wconf 74' lang='grc' dir='ltr'>ὲ</span> <span class='ocrx_word' id='word_1_237' title='bbox 403 3703 501 3763; x_wconf 72' lang='lat' dir='ltr'><strong>guasto.</strong></span> 
     </span>
    </p>
   </div>
   <div class='ocr_carea' id='block_1_9' title="bbox 629 2627 1120 3764">
    <p class='ocr_par' dir='ltr' id='par_1_13' title="bbox 629 2627 1120 3764">
     <span class='ocr_line' id='line_1_41' title="bbox 630 2627 1086 2693; baseline 0.004 -17"><span class='ocrx_word' id='word_1_238' title='bbox 630 2627 717 2676; x_wconf 85' lang='lat' dir='ltr'><strong>l&#39;anno</strong></span> <span class='ocrx_word' id='word_1_239' title='bbox 732 2635 791 2690; x_wconf 87' lang='lat'><strong>710.</strong></span> <span class='ocrx_word' id='word_1_240' title='bbox 805 2630 846 2680; x_wconf 88' lang='lat' dir='ltr'><strong>Un</strong></span> <span class='ocrx_word' id='word_1_241' title='bbox 865 2644 941 2693; x_wconf 89' lang='lat' dir='ltr'><strong>greco</strong></span> <span class='ocrx_word' id='word_1_242' title='bbox 961 2628 986 2676; x_wconf 92' lang='lat' dir='ltr'><strong>di</strong></span> <span class='ocrx_word' id='word_1_243' title='bbox 1007 2645 1086 2678; x_wconf 86' lang='lat' dir='ltr'><strong>nome</strong></span> 
     </span>
     <span class='ocr_line' id='line_1_42' title="bbox 629 2698 1085 2764; baseline 0 -15"><span class='ocrx_word' id='word_1_244' title='bbox 629 2699 735 2756; x_wconf 85' lang='lat' dir='ltr'><strong>Erofilo,</strong></span> <span class='ocrx_word' id='word_1_245' title='bbox 755 2698 803 2749; x_wconf 88' lang='lat' dir='ltr'><strong>che</strong></span> <span class='ocrx_word' id='word_1_246' title='bbox 821 2699 866 2764; x_wconf 93' lang='lat' dir='ltr'><strong>poi</strong></span> <span class='ocrx_word' id='word_1_247' title='bbox 885 2700 907 2749; x_wconf 85' lang='lat' dir='ltr'><strong>si</strong></span> <span class='ocrx_word' id='word_1_248' title='bbox 933 2700 989 2749; x_wconf 85' lang='lat' dir='ltr'><strong>fece</strong></span> <span class='ocrx_word' id='word_1_249' title='bbox 1014 2700 1085 2750; x_wconf 86' lang='lat' dir='ltr'><strong>chia·</strong></span> 
     </span>
     <span class='ocr_line' id='line_1_43' title="bbox 630 2769 1086 2836; baseline 0.007 -18"><span class='ocrx_word' id='word_1_250' title='bbox 630 2771 834 2830; x_wconf 84' lang='lat' dir='ltr'><strong>mare&#39;Amazio,</strong></span> <span class='ocrx_word' id='word_1_251' title='bbox 849 2787 862 2819; x_wconf 91' lang='lat' dir='ltr'><strong>e</strong></span> <span class='ocrx_word' id='word_1_252' title='bbox 881 2771 971 2836; x_wconf 90' lang='lat' dir='ltr'><strong>quindi</strong></span> <span class='ocrx_word' id='word_1_253' title='bbox 984 2769 1013 2819; x_wconf 93' lang='lat' dir='ltr'><strong>C.</strong></span> <span class='ocrx_word' id='word_1_254' title='bbox 1027 2773 1086 2821; x_wconf 86' lang='lat' dir='ltr'><strong>Ma-</strong></span> 
     </span>
     <span class='ocr_line' id='line_1_44' title="bbox 630 2842 1084 2908; baseline 0 -18"><span class='ocrx_word' id='word_1_255' title='bbox 630 2843 676 2902; x_wconf 85' lang='lat' dir='ltr'><strong>rio,</strong></span> <span class='ocrx_word' id='word_1_256' title='bbox 687 2843 866 2906; x_wconf 86' lang='lat' dir='ltr'><strong>spacciandosi</strong></span> <span class='ocrx_word' id='word_1_257' title='bbox 879 2859 924 2908; x_wconf 89' lang='lat' dir='ltr'><strong>per</strong></span> <span class='ocrx_word' id='word_1_258' title='bbox 938 2842 1027 2906; x_wconf 84' lang='lat' dir='ltr'><strong>nipote</strong></span> <span class='ocrx_word' id='word_1_259' title='bbox 1041 2842 1084 2892; x_wconf 93' lang='lat' dir='ltr'><strong>del</strong></span> 
     </span>
     <span class='ocr_line' id='line_1_45' title="bbox 630 2910 1086 2978; baseline 0.002 -16"><span class='ocrx_word' id='word_1_260' title='bbox 630 2929 693 2978; x_wconf 79' lang='lat' dir='ltr'><strong>gran</strong></span> <span class='ocrx_word' id='word_1_261' title='bbox 720 2914 812 2972; x_wconf 87' lang='lat' dir='ltr'><strong>Mario,</strong></span> <span class='ocrx_word' id='word_1_262' title='bbox 836 2910 938 2963; x_wconf 79' lang='lat' dir='ltr'><strong>innalzd</strong></span> <span class='ocrx_word' id='word_1_263' title='bbox 961 2912 1003 2962; x_wconf 85' lang='lat' dir='ltr'><strong>nel</strong></span> <span class='ocrx_word' id='word_1_264' title='bbox 1029 2914 1086 2964; x_wconf 84' lang='lat' dir='ltr'><strong>foro</strong></span> 
     </span>
     <span class='ocr_line' id='line_1_46' title="bbox 630 2983 1086 3049; baseline 0 -15"><span class='ocrx_word' id='word_1_265' title='bbox 630 2984 723 3049; x_wconf 79' lang='lat' dir='ltr'><strong>(aprile</strong></span> <span class='ocrx_word' id='word_1_266' title='bbox 751 2983 821 3047; x_wconf 88' lang='lat'><strong>710),</strong></span> <span class='ocrx_word' id='word_1_267' title='bbox 846 2984 885 3034; x_wconf 87' lang='lat' dir='ltr'><strong>sul</strong></span> <span class='ocrx_word' id='word_1_268' title='bbox 911 2985 990 3048; x_wconf 89' lang='lat' dir='ltr'><strong>luogo</strong></span> <span class='ocrx_word' id='word_1_269' title='bbox 1016 2985 1086 3034; x_wconf 85' lang='lat' dir='ltr'><strong>della</strong></span> 
     </span>
     <span class='ocr_line' id='line_1_47' title="bbox 629 3055 1087 3121; baseline 0.004 -17"><span class='ocrx_word' id='word_1_270' title='bbox 629 3056 685 3120; x_wconf 87' lang='lat' dir='ltr'><strong>pira</strong></span> <span class='ocrx_word' id='word_1_271' title='bbox 705 3055 731 3104; x_wconf 94' lang='lat' dir='ltr'><strong>di</strong></span> <span class='ocrx_word' id='word_1_272' title='bbox 754 3057 855 3115; x_wconf 87' lang='lat' dir='ltr'><strong>Cesare,</strong></span> <span class='ocrx_word' id='word_1_273' title='bbox 874 3072 909 3106; x_wconf 91' lang='lat' dir='ltr'><strong>un</strong></span> <span class='ocrx_word' id='word_1_274' title='bbox 935 3056 1015 3105; x_wconf 82' lang='lat' dir='ltr'><strong>altare</strong></span> <span class='ocrx_word' id='word_1_275' title='bbox 1041 3073 1087 3121; x_wconf 88' lang='lat' dir='ltr'><strong>per</strong></span> 
     </span>
     <span class='ocr_line' id='line_1_48' title="bbox 630 3126 1085 3192; baseline 0.002 -16"><span class='ocrx_word' id='word_1_276' title='bbox 630 3126 795 3192; x_wconf 84' lang='lat' dir='ltr'><strong>sacrificargli</strong></span> <span class='ocrx_word' id='word_1_277' title='bbox 818 3142 890 3177; x_wconf 87' lang='lat' dir='ltr'><strong>come</strong></span> <span class='ocrx_word' id='word_1_278' title='bbox 918 3129 950 3176; x_wconf 80' lang='lat' dir='ltr'><strong>ad</strong></span> <span class='ocrx_word' id='word_1_279' title='bbox 968 3143 1004 3177; x_wconf 89' lang='lat' dir='ltr'><strong>un</strong></span> <span class='ocrx_word' id='word_1_280' title='bbox 1022 3128 1085 3177; x_wconf 88' lang='lat' dir='ltr'><strong>Dio.</strong></span> 
     </span>
     <span class='ocr_line' id='line_1_49' title="bbox 630 3199 1085 3261; baseline 0.004 -15"><span class='ocrx_word' id='word_1_281' title='bbox 630 3199 745 3247; x_wconf 88' lang='lat' dir='ltr'><strong>Antonio</strong></span> <span class='ocrx_word' id='word_1_282' title='bbox 755 3199 781 3247; x_wconf 92' lang='lat' dir='ltr'><strong>lo</strong></span> <span class='ocrx_word' id='word_1_283' title='bbox 792 3199 847 3248; x_wconf 81' lang='lat' dir='ltr'><strong>lece</strong></span> <span class='ocrx_word' id='word_1_284' title='bbox 857 3203 963 3249; x_wconf 80' lang='lat' dir='ltr'><strong>mettere</strong></span> <span class='ocrx_word' id='word_1_285' title='bbox 971 3215 986 3248; x_wconf 86' lang='lat' dir='ltr'><strong>a</strong></span> <span class='ocrx_word' id='word_1_286' title='bbox 994 3207 1085 3261; x_wconf 86' lang='lat' dir='ltr'><strong>morte,</strong></span> 
     </span>
     <span class='ocr_line' id='line_1_50' title="bbox 630 3268 1120 3334; baseline -0.002 -17"><span class='ocrx_word' id='word_1_287' title='bbox 630 3286 673 3317; x_wconf 89' lang='lat' dir='ltr'><strong>ma</strong></span> <span class='ocrx_word' id='word_1_288' title='bbox 691 3268 789 3318; x_wconf 87' lang='lat' dir='ltr'><strong>l&#39;altare</strong></span> <span class='ocrx_word' id='word_1_289' title='bbox 808 3270 937 3332; x_wconf 87' lang='lat' dir='ltr'><strong>rimase,e</strong></span> <span class='ocrx_word' id='word_1_290' title='bbox 955 3271 980 3318; x_wconf 88' lang='lat' dir='ltr'><strong>vi</strong></span> <span class='ocrx_word' id='word_1_291' title='bbox 1000 3271 1027 3319; x_wconf 80' lang='lat' dir='ltr'><strong>fu</strong></span> <span class='ocrx_word' id='word_1_292' title='bbox 1041 3287 1085 3334; x_wconf 86' lang='lat' dir='ltr'><strong>ag·</strong></span> <span class='ocrx_word' id='word_1_293' title='bbox 1111 3297 1120 3316; x_wconf 83' lang='lat'><strong>.</strong></span> 
     </span>
     <span class='ocr_line' id='line_1_51' title="bbox 630 3340 1086 3406; baseline 0.004 -18"><span class='ocrx_word' id='word_1_294' title='bbox 630 3340 720 3406; x_wconf 83' lang='lat' dir='ltr'><strong>giunta</strong></span> <span class='ocrx_word' id='word_1_295' title='bbox 746 3357 798 3389; x_wconf 80' lang='lat' dir='ltr'><strong>una</strong></span> <span class='ocrx_word' id='word_1_296' title='bbox 823 3340 935 3390; x_wconf 85' lang='lat' dir='ltr'><strong>colonna</strong></span> <span class='ocrx_word' id='word_1_297' title='bbox 960 3341 1086 3406; x_wconf 86' lang='lat' dir='ltr'><strong>coll&#39;epi-</strong></span> 
     </span>
     <span class='ocr_line' id='line_1_52' title="bbox 629 3411 1083 3479; baseline 0.002 -19"><span class='ocrx_word' id='word_1_298' title='bbox 629 3411 701 3476; x_wconf 78' lang='lat' dir='ltr'><strong>graie</strong></span> <span class='ocrx_word' id='word_1_299' title='bbox 720 3412 768 3460; x_wconf 87' lang='lat' dir='ltr'><strong>‘Al</strong></span> <span class='ocrx_word' id='word_1_300' title='bbox 786 3413 866 3476; x_wconf 86' lang='lat' dir='ltr'><strong>padre</strong></span> <span class='ocrx_word' id='word_1_301' title='bbox 885 3412 953 3463; x_wconf 87' lang='lat' dir='ltr'><strong>della</strong></span> <span class='ocrx_word' id='word_1_302' title='bbox 974 3413 1083 3479; x_wconf 78' lang='lat' dir='ltr'><strong>patria&#39;.</strong></span> 
     </span>
     <span class='ocr_line' id='line_1_53' title="bbox 629 3482 1085 3545; baseline -0.002 -12"><span class='ocrx_word' id='word_1_303' title='bbox 629 3482 775 3545; x_wconf 86' lang='lat' dir='ltr'><strong>Dolabella,</strong></span> <span class='ocrx_word' id='word_1_304' title='bbox 796 3485 901 3534; x_wconf 87' lang='lat' dir='ltr'><strong>console</strong></span> <span class='ocrx_word' id='word_1_305' title='bbox 924 3497 1041 3534; x_wconf 87' lang='lat' dir='ltr'><strong>successo</strong></span> <span class='ocrx_word' id='word_1_306' title='bbox 1069 3501 1085 3532; x_wconf 83' lang='lat' dir='ltr'><strong>a</strong></span> 
     </span>
     <span class='ocr_line' id='line_1_54' title="bbox 629 3552 1084 3620; baseline 0.004 -18"><span class='ocrx_word' id='word_1_307' title='bbox 629 3552 731 3615; x_wconf 83' lang='lat' dir='ltr'><strong>Cesare,</strong></span> <span class='ocrx_word' id='word_1_308' title='bbox 754 3562 919 3620; x_wconf 81' lang='lat' dir='ltr'><strong>quantunque</strong></span> <span class='ocrx_word' id='word_1_309' title='bbox 945 3571 998 3606; x_wconf 85' lang='lat' dir='ltr'><strong>non</strong></span> <span class='ocrx_word' id='word_1_310' title='bbox 1024 3555 1084 3605; x_wconf 89' lang='lat' dir='ltr'><strong>ade·</strong></span> 
     </span>
     <span class='ocr_line' id='line_1_55' title="bbox 629 3626 1084 3692; baseline 0.007 -18"><span class='ocrx_word' id='word_1_311' title='bbox 629 3626 691 3675; x_wconf 87' lang='lat' dir='ltr'><strong>sisse</strong></span> <span class='ocrx_word' id='word_1_312' title='bbox 710 3642 757 3691; x_wconf 87' lang='lat' dir='ltr'><strong>per</strong></span> <span class='ocrx_word' id='word_1_313' title='bbox 774 3626 846 3675; x_wconf 86' lang='lat' dir='ltr'><strong>nulla</strong></span> <span class='ocrx_word' id='word_1_314' title='bbox 863 3627 889 3675; x_wconf 86' lang='lat' dir='ltr'><strong>al</strong></span> <span class='ocrx_word' id='word_1_315' title='bbox 902 3628 996 3692; x_wconf 84' lang='lat' dir='ltr'><strong>partito</strong></span> <span class='ocrx_word' id='word_1_316' title='bbox 1013 3626 1084 3692; x_wconf 88' lang='lat' dir='ltr'><strong>degli</strong></span> 
     </span>
     <span class='ocr_line' id='line_1_56' title="bbox 630 3693 1085 3764; baseline 0.009 -19"><span class='ocrx_word' id='word_1_317' title='bbox 630 3696 805 3758; x_wconf 83' lang='lat' dir='ltr'><strong>aristocratici‚</strong></span> <span class='ocrx_word' id='word_1_318' title='bbox 826 3693 963 3764; x_wconf 80' lang='lat' dir='ltr'><strong>approfittd</strong></span> <span class='ocrx_word' id='word_1_319' title='bbox 983 3698 1085 3749; x_wconf 86' lang='lat' dir='ltr'><strong>dell&#39;as·</strong></span> 
     </span>
    </p>
   </div>
   <div class='ocr_carea' id='block_1_10' title="bbox 0 0 1398 4326">
    <p class='ocr_par' dir='ltr' id='par_1_14' title="bbox 0 0 1398 4326">
     <span class='ocr_line' id='line_1_57' title="bbox 0 0 1398 4326; baseline 0 0"><span class='ocrx_word' id='word_1_320' title='bbox 0 0 1398 4326; x_wconf 95' lang='lat' dir='ltr'><strong> </strong></span> 
     </span>
    </p>
   </div>
  </div>
 </body>
</html>
