2788 4326
500 377 647 420 aristote
672 365 723 439 56.
1050 367 1089 440 ⁶5

131 524 197 564 non
220 502 353 566 alienum
373 515 419 565 est
440 503 584 582 dignitate
606 517 665 576 tua,
683 506 766 582 quod
788 504 844 583 ipsi
860 506 1088 584 Agamemnoni,

132 612 237 670 regum
261 593 332 672 regi,
357 592 412 654 fuit
434 596 602 668 honestum,
627 596 738 654 habere
754 594 884 671 aliquem
907 593 938 654 in
961 594 1091 655 consiliis

133 682 288 760 capiendis
311 684 487 759 Nestorem3
524 683 597 743 mihi
619 703 691 744 vero
714 683 875 760 gloriosum
899 694 927 744 te
951 682 1091 743 iuvenem

133 773 289 832 consulem
316 773 421 832 florem
451 771 590 832 laudibus
620 772 705 848 quasi
733 775 887 832 alumnum
918 771 1092 850 disciplinae

132 880 232 920 meae.
278 864 312 922 L.
329 860 451 938 quidem
469 864 587 934 Caesar,
605 880 672 922 cum
693 863 733 920 ad
756 881 824 922 eum
847 868 1000 940 aegrotum
1017 864 1094 920 Nea·
1117 884 1134 940 3

134 949 230 1027 polim
254 949 411 1022 venissem,
436 969 616 1027 quamquam
650 962 712 1010 erat
738 970 898 1028 oppressus
920 950 1010 1011 totius
1033 971 1094 1010 cor·

133 1037 216 1116 poris
239 1039 403 1113 doloribus,
428 1050 538 1111 tamen,
560 1049 629 1099 ante
652 1058 741 1116 quam
764 1060 812 1099 me
836 1043 924 1118 plane
947 1040 1092 1110 salutavit,

136 1127 183 1187 ‘0
199 1127 242 1187 mi
265 1126 391 1202 Ciceros
414 1128 521 1205 inquit,
541 1128 689 1205 ‘grathlor
712 1129 774 1202 tibi,
792 1148 861 1189 cum
880 1140 996 1189 tantum
1013 1131 1094 1187 vales

131 1218 216 1294 apud
238 1217 439 1290 Dolabellam,
464 1228 611 1294 quantum
635 1217 660 1277 si
683 1237 739 1295 ego
762 1221 843 1295 apud
870 1219 977 1278 sororis
1000 1218 1094 1277 filium

132 1308 276 1380 valerem,
296 1305 354 1366 iam
378 1305 451 1366 salvi
467 1325 530 1365 esse
552 1325 715 1383 possemus.
764 1309 939 1367 Dolabellae
954 1327 1024 1367 vero
1041 1319 1095 1366 tuo

136 1404 168 1454 et
190 1396 321 1472 gratulor
340 1405 371 1454 et
393 1394 500 1472 gratias
522 1413 595 1471 ago;
630 1415 719 1473 quem
736 1395 858 1473 quidem
881 1407 949 1474 post
972 1405 1002 1455 te
1024 1415 1094 1455 con·

134 1485 231 1543 sulem
248 1485 344 1543 solum
368 1503 526 1562 possumus
541 1504 611 1544 vere
634 1487 786 1545 consulem
811 1485 929 1545 dicere.’
975 1483 1095 1544 Deinde

65 1603 72 1618 .
133 1574 229 1631 multa
245 1575 284 1632 de
297 1575 375 1633 sacto
390 1594 426 1633 ac
441 1573 480 1632 de
495 1592 527 1632 re
542 1583 641 1650 gesta;
677 1584 740 1633 tum
757 1573 830 1632 nihil
846 1571 1091 1651 magnificentius,

61 1651 64 1664 ’
133 1659 211 1720 nihil
244 1660 424 1739 praeclarius
457 1672 558 1722 actum
591 1681 734 1740 unquam,
770 1661 844 1722 nihil
877 1661 921 1722 rei
954 1661 1093 1740 publicae

133 1750 302 1810 salutarius.
348 1754 449 1828 Atque
473 1753 548 1810 haec
576 1771 636 1811 una
662 1771 721 1811 vox
748 1751 882 1812 omnium
912 1760 964 1811 est.
1010 1755 1136 1826 Ate4

134 1850 236 1899 autem
260 1850 340 1917 peto,
359 1849 393 1899 ut
414 1859 463 1899 me
486 1843 564 1901 hanc
580 1839 664 1918 quasi
686 1842 788 1900 falsam
811 1839 1007 1900 hereditatem
1024 1836 1093 1898 alie·

132 1947 191 1988 nae
222 1927 334 2006 gloriae
365 1928 444 1988 sinas
467 1932 597 2003 nemete,
629 1949 737 2006 meque
759 1929 859 2006 aliqua
889 1939 1030 2007 exparte
1061 1927 1093 1986 in

134 2016 308 2078 societatem
325 2028 442 2077 tuarum
465 2019 589 2078 laudum
604 2018 707 2078 venire
723 2019 845 2096 patiare.
890 2020 1091 2095 Quamquam,

135 2105 178 2165 mi
201 2107 427 2167 Dolabella-
450 2108 525 2168 haec
548 2106 627 2167 enim
651 2107 765 2168 iocatus
786 2128 851 2168 sum
875 2141 927 2179 -,
951 2106 1093 2167 libentius

134 2214 242 2256 omnes
264 2215 356 2271 meae,
382 2195 405 2255 si
427 2198 521 2257 modo
537 2207 606 2256 sunt
627 2195 744 2274 aliquae
763 2216 857 2270 meae,
874 2198 979 2256 laudes
1001 2196 1039 2255 ad
1063 2205 1094 2254 te

677 2515 706 2562 de
724 2528 753 2560 re
768 2519 846 2576 gesta.
860 2515 891 2562 In
910 2529 961 2561 uua
981 2528 1026 2562 sua
1046 2511 1093 2562 let·

640 2592 694 2635 tera
725 2586 757 2633 ad
786 2585 880 2641 Attico,
912 2585 1037 2634 Cicerone
1068 2585 1092 2634 le

168 2521 191 2564 te
210 2515 264 2563 iuv.
277 2514 412 2562 consulem.
432 2514 533 2572 Cesare,
548 2514 586 2562 di-

128 2586 265 2651 segnando
279 2587 375 2634 andare
388 2593 476 2634 contro
490 2585 585 2643 iParti,

128 2673 209 2707 aveva
220 2657 334 2706 indicato
345 2672 418 2705 come
431 2672 478 2706 suo
488 2671 586 2705 succes·

128 2745 187 2779 sore
200 2728 243 2777 nel
258 2728 391 2777 consolato
404 2727 447 2792 pel
458 2742 492 2787 44
504 2727 585 2776 Dola-

128 2800 207 2858 bella,
218 2799 331 2848 sebbeue
342 2800 421 2848 costui
437 2814 489 2848 non
500 2815 586 2848 avesse

129 2879 235 2936 coperta
248 2871 274 2918 la
287 2878 388 2934 pretura
402 2865 434 2917 ne
450 2870 586 2934 raggiunta

128 2940 190 2992 l'eth
209 2942 343 3007 prescritta
361 2940 430 2989 dalla
448 2941 530 3006 legge.

165 3026 189 3076 3.
221 3012 254 3061 L.
291 3013 528 3062 caesar.Frate110
559 3012 586 3062 di

129 3083 227 3142 Giulia,
248 3084 335 3133 madre
354 3084 380 3132 di
404 3084 526 3133 Antonio.
547 3084 585 3133 Fu

129 3155 236 3206 console
256 3154 299 3204 nel
313 3156 355 3216 64.
368 3153 497 3204 Concluso
515 3155 536 3203 il
547 3171 586 3205 se·

131 3229 217 3277 condo
238 3227 404 3288 triumvirato,
423 3225 539 3275 Antonio
559 3226 585 3275 lo

132 3294 252 3363 sagrificb
273 3297 297 3346 al
309 3297 487 3346 riseutimento
500 3297 526 3346 di
540 3298 585 3348 Ot-

131 3371 246 3427 taviauo‚
266 3368 313 3418 ebe
333 3369 360 3417 in
382 3384 522 3432 compenso
548 3369 586 3433 gli

132 3437 290 3490 abbandonia
303 3440 329 3488 la
341 3441 394 3489 vita
407 3439 433 3488 di
443 3439 525 3489 Cicer.
535 3437 584 3490 cit

131 3526 185 3562 non
205 3520 306 3562 ostante
319 3512 348 3561 L.
363 3512 455 3562 Cesare
475 3510 501 3559 fu
514 3511 585 3561 salvo

131 3599 178 3648 per
196 3582 223 3632 la
241 3583 382 3633 devozione
396 3581 465 3630 della
483 3582 585 3631 sorella.

168 3669 233 3704 eum.
247 3653 327 3720 Dopo
341 3653 474 3718 gratulor,
484 3655 586 3715 gratias

130 3740 189 3789 ugo,
201 3725 287 3784 laudo,
300 3723 314 3774 ὲ
328 3724 459 3774 sinonimo
472 3726 497 3774 di
510 3726 586 3788 quod.

641 2657 742 2705 chiama
761 2657 845 2705 azioni
865 2655 975 2706 eroiche.
994 2655 1025 2705 In
1044 2656 1093 2704 che

641 2744 701 2777 cosa
720 2729 907 2791 consistessero,
921 2728 979 2777 vedi
998 2727 1040 2776 all’
1050 2727 1092 2776 In·

641 2800 797 2849 troduzione.

676 2878 738 2919 tum.
753 2871 848 2934 Questa
867 2869 1000 2936 perticella
1013 2871 1033 2920 si
1047 2887 1093 2920 usa

640 2943 831 3006 propriamente
845 2943 877 2990 ad
891 2941 1046 3006 aggiungere
1058 2957 1092 2990 un

640 3013 752 3077 giudizio
784 3013 889 3062 fondato
912 3013 952 3062 sul
977 3021 1092 3062 contesto

640 3085 800 3149 precedente.
814 3085 874 3134 Non
894 3083 1034 3134 essendone
1048 3083 1092 3147 qui

639 3155 659 3204 il
671 3171 739 3213 caso,
746 3155 830 3205 alcuni
841 3156 933 3204 editori
942 3155 967 3204 la
977 3155 1092 3204 lasciano

640 3227 701 3276 ola
720 3227 856 3276 cambiano
876 3228 903 3276 in
921 3232 975 3274 tua.

676 3312 786 3346 cernere.
814 3298 981 3365 Espressione
1007 3295 1092 3360 legale

640 3385 702 3433 per:
729 3368 806 3431 adire,
836 3376 961 3418 accettare
985 3364 1092 3431 (heredi-

640 3446 716 3488 tatem
734 3440 796 3487 adeo
814 3437 957 3503 ternaque).

676 3525 701 3573 4.
720 3511 808 3560 iocari.
826 3512 875 3561 Dir
899 3527 945 3576 per
969 3508 1091 3559 ischerzo.

640 3582 692 3634 Csr.
711 3576 850 3643 defendere,
870 3583 925 3632 dire
943 3581 970 3631 in
992 3580 1090 3638 difesa;

640 3659 775 3717 increpare
800 3670 813 3702 e
838 3668 966 3710 accusare,
986 3653 1039 3702 dire
1064 3652 1092 3701 in

641 3731 720 3775 tuono
739 3725 765 3774 di
784 3725 949 3792 rimprovero.

943 3859 958 3915 5
