2788 4326
506 369 653 412 narseum
680 367 730 429 50.
1056 369 1094 431 51

137 497 219 558 bello
241 506 271 555 te
294 494 407 569 violari,
431 505 535 555 contra
557 493 641 556 cuius
664 495 808 555 honorem
831 495 935 574 populi
965 493 1096 556 Romani

138 584 286 647 beneficio
320 603 494 645 concessum
528 582 640 646 inimici
669 594 758 660 atque
792 583 886 644 invidi
920 584 1095 647 niterentur.

134 677 200 736 Sed
222 683 256 733 ut
286 694 322 734 eo
353 684 488 752 ternpore
517 693 580 733 nou
603 675 696 733 modo
724 672 789 752 ipse
821 676 918 733 fautor
944 671 1097 751 dignitatis

132 774 207 824 tuae
222 763 274 836 fui,
291 782 394 824 verum
418 762 508 823 etiam
531 761 637 823 ceteris
651 760 754 822 au'ctor
769 764 808 821 ad
829 774 859 822 te
881 762 1095 838 adiuvandum,

135 852 181 914 sic
202 872 251 912 me
275 873 356 912 nunc
375 851 510 929 Pompeii
533 851 661 930 dignitas
677 854 869 912 vehementer
884 862 996 912 movet.
1037 851 1097 912 Ali-

132 952 212 1019 quot
235 941 315 1000 enim
338 951 407 1000 sunt
429 940 509 1016 anni,
534 961 602 1001 cum
626 960 679 1001 vos
703 943 764 1001 duo
787 941 893 1018 delEgi,
914 960 990 1017 quos
1013 961 1096 1019 prae·

140 1031 227 1108 cipue
262 1032 390 1091 colerem
422 1039 452 1090 et
486 1029 594 1108 quibus
629 1049 733 1103 essem,
769 1028 845 1090 sicut
878 1050 951 1103 sum,
984 1028 1096 1090 amicis-

137 1120 242 1180 simus
288 1122 387 1195 Quam
411 1121 451 1179 ob
475 1137 539 1179 rem
562 1139 579 1176 a
606 1129 635 1178 te
665 1128 736 1198 peto
757 1121 805 1179 vel
836 1118 935 1197 potius
957 1118 1097 1180 omnibus
1122 1137 1141 1194 3

137 1219 168 1268 te
206 1208 345 1286 precibus
382 1228 435 1268 oro
473 1219 503 1267 et
540 1210 686 1280 obtestor,
727 1217 760 1267 ut
798 1207 828 1267 in
867 1208 926 1268 tuis
963 1207 1099 1269 maximis

135 1295 215 1358 curis
238 1296 351 1374 aliquid
382 1291 547 1375 impertias
563 1296 707 1375 temporis
740 1296 809 1358 huic
840 1317 960 1375 quoque
991 1296 1100 1375 cogita·

134 1384 222 1460 tioni,
256 1396 289 1446 ut
319 1397 372 1446 tuo
402 1385 550 1447 beneficio
578 1388 678 1447 bonus
699 1385 753 1461 vir,
782 1397 889 1463 gratus
921 1386 987 1464 pius
1017 1385 1100 1448 deni-

140 1494 199 1553 que
223 1495 287 1534 esse
310 1475 341 1534 in
365 1474 486 1540 maximi
508 1473 646 1536 beneficii
669 1475 813 1535 memoria
841 1474 962 1554 possim.
1013 1478 1099 1552 Quae

137 1565 163 1624 si
187 1575 302 1624 tantum
332 1566 372 1624 ad
402 1583 451 1624 me
482 1564 580 1642 ipsum
611 1564 801 1642 pertinerent,
831 1583 980 1642 sperarem
1008 1585 1099 1625 mea

135 1663 169 1713 te
191 1664 293 1713 tamen
316 1653 551 1731 impetraturum,
581 1654 644 1726 sed,
668 1663 702 1713 ut
731 1655 867 1726 arbitror,
892 1664 922 1713 et
944 1655 984 1713 ad
1014 1665 1098 1714 tuam

135 1744 229 1803 fidem
252 1753 282 1802 et
304 1744 343 1802 ad
372 1762 435 1802 rem
465 1742 615 1820 publicam
638 1743 769 1820 pertinet
795 1763 843 1802 me
867 1763 903 1802 ex
933 1743 1035 1820 paucis
1066 1752 1097 1802 et

133 1833 177 1891 ad
200 1831 352 1908 utriusque
375 1842 505 1892 vestrum
530 1841 559 1892 et
580 1833 620 1891 ad
643 1830 752 1892 civium
776 1831 967 1892 concordiam
990 1852 1044 1910 per
1066 1841 1098 1892 te

134 1940 228 1998 quam
251 1920 595 1981 accommodatissimum
611 1920 788 1982 conservari.
828 1924 900 1999 Ego,
919 1942 987 1982 cum
1008 1930 1099 1981 antea

136 2009 193 2070 tibi
216 2009 255 2070 de
286 2011 414 2069 Lentulo
446 2010 554 2088 gratias
583 2009 717 2089 egissem,
750 2011 833 2087 quod
866 2010 894 2070 ei
923 2010 1018 2086 saluti,
1046 2009 1099 2088 qui

135 2099 213 2159 mihi
236 2100 339 2170 fuerat,
364 2097 478 2173 fuisses,
503 2110 603 2158 tamen
627 2098 709 2159 lectis
732 2099 795 2158 eius
824 2098 937 2171 litteris,
962 2119 1036 2176 quas
1059 2100 1099 2159 ad

138 2208 187 2248 me
210 2188 377 2266 gratissimo
406 2187 505 2248 animo
535 2190 574 2254 de
605 2198 657 2248 tua
685 2187 861 2248 liberalitate
893 2189 1100 2265 beneficioque

136 2277 227 2351 misit,
252 2278 379 2337 eandem
402 2297 451 2338 me
475 2279 597 2337 salutem
620 2298 638 2337 a
661 2287 691 2337 te
713 2277 863 2355 accepisse
884 2277 987 2355 putavi
1009 2297 1099 2354 quam

136 2365 206 2427 ille:
247 2367 279 2426 in
303 2385 393 2443 quem
417 2364 441 2425 si
463 2386 512 2426 me
535 2365 681 2443 intellegis
704 2385 768 2426 esse
792 2376 916 2444 gratum,
942 2387 1020 2438 cura,
1045 2367 1100 2428 ob·

133 2458 229 2529 secto,
257 2466 290 2516 ut
312 2454 401 2515 etiam
424 2454 455 2514 in
480 2453 658 2532 Pompeium
681 2475 745 2514 esse
768 2455 889 2532 possim.

106 2679 111 2691 ·
175 2652 340 2699 honorem...
367 2665 517 2698 concessum.
542 2649 594 2698 Dal

140 2711 238 2788 popolo
252 2739 295 2772 era
308 2729 373 2772 stato
387 2737 509 2771 concesso
519 2737 534 2770 a
544 2722 592 2771 Ce-

136 2810 196 2844 sare
209 2794 236 2842 di
249 2801 322 2858 poter
337 2794 455 2842 chiedere
468 2793 487 2841 il
501 2808 593 2842 conso-

138 2865 192 2916 ·lato
211 2881 287 2914 senza
306 2865 393 2914 venire
411 2881 426 2913 a
445 2866 537 2914 Roma.

176 2933 594 3000 aliquotecc.Allusioneall'anno

143 3005 176 3070 56
186 3023 225 3057 αν,
240 3009 289 3065 Cn,
300 3007 327 3056 in
338 3008 378 3056 eui
390 3007 443 3057 Cic.
455 3007 476 3055 si
487 3023 530 3056 era
540 3022 595 3055 mo·

139 3085 219 3130 strato
239 3079 404 3128 devotissimo
424 3077 476 3127 arli
495 3077 594 3126 nomini

140 3149 184 3199 del
202 3151 287 3215 primo
301 3096 467 3206 trfflmvirati,
486 3146 531 3214 piit
547 3148 594 3198 che

142 3236 188 3286 per
201 3222 274 3278 altro,
295 3237 340 3286 per
353 3236 432 3286 paura
445 3221 471 3269 di
491 3221 593 3270 Clodio.

179 3305 203 3355 3.
222 3293 303 3341 bonus
321 3292 372 3341 vir.
392 3294 433 3344 Un
445 3307 524 3341 nomo
541 3291 594 3342 d'o·

141 3379 212 3414 nore.

179 3435 287 3483 nraximi
295 3435 348 3482 ben.
359 3435 473 3500 Pompeo
484 3431 540 3499 (piu
550 3450 595 3498 per

140 3506 256 3570 niguardi
276 3506 376 3572 politici
390 3505 437 3554 che
450 3522 495 3570 per
509 3521 595 3554 amore

143 3577 171 3625 di
184 3574 278 3642 Cicer.)
292 3594 335 3627 era
344 3585 409 3627 stato
422 3577 442 3626 il
452 3577 595 3643 principale

141 3655 232 3698 autore
250 3649 292 3698 del
310 3665 357 3698 suo
376 3649 508 3698 richianm.

181 3721 216 3768 ad
243 3728 313 3769 tuam
342 3720 429 3784 fidem.
461 3718 520 3770 Alla
553 3727 596 3769 tua

648 2648 741 2700 lealta:
768 2649 815 2700 che
841 2650 933 2702 Cesare
956 2668 1035 2702 aveva
1059 2646 1101 2704 sc·

646 2729 721 2772 vente
746 2738 860 2787 espresso
887 2725 905 2773 il
925 2724 1051 2775 desiderio
1073 2724 1100 2775 di

647 2809 698 2843 una
716 2793 935 2846 riconciliazione.

683 2879 732 2914 me.
741 2900 761 2914 ..
787 2866 942 2915 conservari.
963 2866 1009 2916 Ch'
1018 2868 1043 2917 io
1062 2869 1103 2918 sia

648 2944 797 2986 mantenuto
806 2937 832 2986 in
839 2953 890 2986 una
897 2938 1028 3003 posizione
1038 2954 1101 2988 neu·

647 3006 718 3070 trale,
738 3005 760 3056 sl
780 3008 827 3057 che
846 3025 921 3074 possa
943 3009 982 3058 far
1003 3010 1036 3058 da
1055 3027 1102 3076 pa·

648 3079 723 3128 ciere.
737 3079 848 3142 Quindi:
865 3096 917 3129 non
930 3080 1046 3130 insistere
1056 3098 1102 3147 per

648 3167 693 3200 ora
706 3150 754 3199 che
764 3151 789 3200 i'o
799 3151 864 3200 vada
876 3169 890 3200 a
900 3154 991 3210 Roma,
1006 3150 1101 3217 perche

648 3229 737 3286 questo
757 3224 863 3272 sarebbe
882 3239 916 3272 un
941 3224 1101 3273 distaccarmi

649 3291 736 3342 affatto
756 3294 788 3342 da
807 3296 929 3358 Pompeo.
1117 3333 1119 3338 ,

685 3363 802 3412 Lentulo.
813 3368 840 3415 P.
855 3365 976 3415 Cornelio
990 3367 1103 3416 Lentulo

650 3434 775 3500 Spintere.
803 3437 854 3485 Era
878 3444 943 3486 stato
969 3453 1043 3502 preso
1070 3438 1103 3486 da

649 3508 742 3556 Cesare
766 3507 793 3556 in
815 3507 936 3566 Corfinio,
966 3524 979 3558 e
1003 3509 1047 3574 poi
1069 3508 1104 3558 ri·

650 3594 732 3627 messo
752 3578 779 3627 iu
798 3577 897 3629 liberta.
912 3580 984 3629 Sotto
1002 3580 1021 3628 il
1042 3594 1104 3629 con·
1129 3606 1146 3642 0

650 3649 733 3698 solato
746 3666 792 3698 suo
806 3651 859 3701 Cic.
874 3666 917 3700 era
929 3659 994 3702 stato
1008 3651 1105 3702 richia·

650 3728 720 3770 mato
739 3720 884 3772 dall'esilio.
