<?xml version="1.0" encoding="UTF-8"?>
<!DOCTYPE html PUBLIC "-//W3C//DTD XHTML 1.0 Transitional//EN"
    "http://www.w3.org/TR/xhtml1/DTD/xhtml1-transitional.dtd">
<html xmlns="http://www.w3.org/1999/xhtml" xml:lang="en" lang="en">
 <head>
  <title>
</title>
<meta http-equiv="Content-Type" content="text/html;charset=utf-8" />
  <meta name='ocr-system' content='tesseract 3.04.00' />
  <meta name='ocr-capabilities' content='ocr_page ocr_carea ocr_par ocr_line ocrx_word'/>
</head>
<body>
  <div class='ocr_page' id='page_1' title='image "./epistulaeselect00fumagoog_0038.png"; bbox 0 0 2788 4326; ppageno 0'>
   <div class='ocr_carea' id='block_1_1' title="bbox 478 284 1096 399">
    <p class='ocr_par' dir='ltr' id='par_1_1' title="bbox 478 284 1096 399">
     <span class='ocr_line' id='line_1_1' title="bbox 478 284 1096 399; baseline 0 -19"><span class='ocrx_word' id='word_1_1' title='bbox 478 337 626 382; x_wconf 75' lang='lat' dir='ltr'>urrsruna</span> <span class='ocrx_word' id='word_1_2' title='bbox 650 342 759 399; x_wconf 86' lang='lat' dir='ltr'>39·4o.</span> <span class='ocrx_word' id='word_1_3' title='bbox 842 284 844 287; x_wconf 13' lang='grc' dir='ltr'><strong><em>ι</em></strong></span> <span class='ocrx_word' id='word_1_4' title='bbox 1057 341 1096 399; x_wconf 84' lang='lat'>31</span> 
     </span>
    </p>
   </div>
   <div class='ocr_carea' id='block_1_2' title="bbox 135 465 1139 1168">
    <p class='ocr_par' dir='ltr' id='par_1_2' title="bbox 135 465 1139 1168">
     <span class='ocr_line' id='line_1_2' title="bbox 135 465 1096 543; baseline -0.001 -16"><span class='ocrx_word' id='word_1_5' title='bbox 135 467 170 527; x_wconf 90' lang='lat' dir='ltr'>id</span> <span class='ocrx_word' id='word_1_6' title='bbox 186 465 210 526; x_wconf 92' lang='lat' dir='ltr'>si</span> <span class='ocrx_word' id='word_1_7' title='bbox 232 465 272 526; x_wconf 91' lang='lat' dir='ltr'>ita</span> <span class='ocrx_word' id='word_1_8' title='bbox 287 476 339 539; x_wconf 86' lang='lat' dir='ltr'>est,</span> <span class='ocrx_word' id='word_1_9' title='bbox 362 467 500 527; x_wconf 70' lang='lat' dir='ltr'>essedum</span> <span class='ocrx_word' id='word_1_10' title='bbox 524 466 646 543; x_wconf 85' lang='lat' dir='ltr'>aliquod</span> <span class='ocrx_word' id='word_1_11' title='bbox 668 465 767 543; x_wconf 91' lang='lat' dir='ltr'>capias</span> <span class='ocrx_word' id='word_1_12' title='bbox 790 467 903 526; x_wconf 82' lang='lat' dir='ltr'>suadeo</span> <span class='ocrx_word' id='word_1_13' title='bbox 926 467 1017 526; x_wconf 88' lang='lat' dir='ltr'>etad</span> <span class='ocrx_word' id='word_1_14' title='bbox 1040 486 1096 526; x_wconf 90' lang='lat' dir='ltr'>nos</span> 
     </span>
     <span class='ocr_line' id='line_1_3' title="bbox 136 553 1139 633; baseline -0.002 -17"><span class='ocrx_word' id='word_1_15' title='bbox 136 575 229 633; x_wconf 92' lang='lat' dir='ltr'>quam</span> <span class='ocrx_word' id='word_1_16' title='bbox 251 555 381 633; x_wconf 89' lang='lat' dir='ltr'>primum</span> <span class='ocrx_word' id='word_1_17' title='bbox 403 575 545 618; x_wconf 85' lang='lat' dir='ltr'>recurras.</span> <span class='ocrx_word' id='word_1_18' title='bbox 593 553 645 615; x_wconf 89' lang='lat' dir='ltr'>Sin</span> <span class='ocrx_word' id='word_1_19' title='bbox 667 565 767 614; x_wconf 91' lang='lat' dir='ltr'>autem</span> <span class='ocrx_word' id='word_1_20' title='bbox 792 555 855 615; x_wconf 91' lang='lat' dir='ltr'>sine</span> <span class='ocrx_word' id='word_1_21' title='bbox 879 554 1033 615; x_wconf 86' lang='lat' dir='ltr'>Britannia</span> <span class='ocrx_word' id='word_1_22' title='bbox 1055 567 1097 616; x_wconf 90' lang='lat' dir='ltr'>ta·</span> <span class='ocrx_word' id='word_1_23' title='bbox 1123 575 1139 614; x_wconf 83' lang='lat' dir='ltr'>a</span> 
     </span>
     <span class='ocr_line' id='line_1_4' title="bbox 137 643 1098 722; baseline -0.001 -17"><span class='ocrx_word' id='word_1_24' title='bbox 137 665 209 705; x_wconf 89' lang='lat' dir='ltr'>men</span> <span class='ocrx_word' id='word_1_25' title='bbox 235 643 360 722; x_wconf 71' lang='lat' dir='ltr'>assequi,</span> <span class='ocrx_word' id='word_1_26' title='bbox 385 646 468 722; x_wconf 92' lang='lat' dir='ltr'>quod</span> <span class='ocrx_word' id='word_1_27' title='bbox 491 647 636 718; x_wconf 84' lang='lat' dir='ltr'>volumus,</span> <span class='ocrx_word' id='word_1_28' title='bbox 661 663 827 721; x_wconf 70' lang='lat' dir='ltr'>possumus</span> <span class='ocrx_word' id='word_1_29' title='bbox 852 645 976 722; x_wconf 78' lang='lat' dir='ltr'>perfice,</span> <span class='ocrx_word' id='word_1_30' title='bbox 1002 656 1035 704; x_wconf 91' lang='lat' dir='ltr'>ut</span> <span class='ocrx_word' id='word_1_31' title='bbox 1057 644 1098 704; x_wconf 91' lang='lat' dir='ltr'>sis</span> 
     </span>
     <span class='ocr_line' id='line_1_5' title="bbox 135 732 1099 795; baseline -0.001 -1"><span class='ocrx_word' id='word_1_32' title='bbox 135 733 168 794; x_wconf 91' lang='lat' dir='ltr'>in</span> <span class='ocrx_word' id='word_1_33' title='bbox 185 733 378 794; x_wconf 80' lang='lat' dir='ltr'>familiaribus</span> <span class='ocrx_word' id='word_1_34' title='bbox 397 732 548 795; x_wconf 72' lang='lat' dir='ltr'>Caesaris:</span> <span class='ocrx_word' id='word_1_35' title='bbox 584 735 711 794; x_wconf 90' lang='lat' dir='ltr'>multum</span> <span class='ocrx_word' id='word_1_36' title='bbox 734 742 764 793; x_wconf 88' lang='lat' dir='ltr'>te</span> <span class='ocrx_word' id='word_1_37' title='bbox 787 732 818 793; x_wconf 92' lang='lat' dir='ltr'>in</span> <span class='ocrx_word' id='word_1_38' title='bbox 843 752 881 794; x_wconf 91' lang='lat' dir='ltr'>eo</span> <span class='ocrx_word' id='word_1_39' title='bbox 905 735 993 794; x_wconf 83' lang='lat' dir='ltr'>frater</span> <span class='ocrx_word' id='word_1_40' title='bbox 1015 733 1099 793; x_wconf 90' lang='lat' dir='ltr'>adiu·</span> 
     </span>
     <span class='ocr_line' id='line_1_6' title="bbox 135 821 1099 899; baseline 0 -17"><span class='ocrx_word' id='word_1_41' title='bbox 135 822 221 883; x_wconf 85' lang='lat' dir='ltr'>vabit</span> <span class='ocrx_word' id='word_1_42' title='bbox 235 841 328 894; x_wconf 76' lang='lat' dir='ltr'>meur,</span> <span class='ocrx_word' id='word_1_43' title='bbox 353 825 480 884; x_wconf 92' lang='lat' dir='ltr'>multum</span> <span class='ocrx_word' id='word_1_44' title='bbox 491 823 611 897; x_wconf 75' lang='lat' dir='ltr'>BalbuS,</span> <span class='ocrx_word' id='word_1_45' title='bbox 629 823 691 896; x_wconf 89' lang='lat' dir='ltr'>sed,</span> <span class='ocrx_word' id='word_1_46' title='bbox 709 821 896 894; x_wconf 89' lang='lat' dir='ltr'>mihicrede,</span> <span class='ocrx_word' id='word_1_47' title='bbox 914 834 983 882; x_wconf 89' lang='lat' dir='ltr'>tuus</span> <span class='ocrx_word' id='word_1_48' title='bbox 999 825 1099 899; x_wconf 91' lang='lat' dir='ltr'>pudor</span> 
     </span>
     <span class='ocr_line' id='line_1_7' title="bbox 137 910 1097 989; baseline 0 -17"><span class='ocrx_word' id='word_1_49' title='bbox 137 924 169 972; x_wconf 90' lang='lat' dir='ltr'>et</span> <span class='ocrx_word' id='word_1_50' title='bbox 183 914 269 972; x_wconf 91' lang='lat' dir='ltr'>labor</span> <span class='ocrx_word' id='word_1_51' title='bbox 284 910 456 989; x_wconf 89' lang='lat' dir='ltr'>plurimum.</span> <span class='ocrx_word' id='word_1_52' title='bbox 494 915 707 989; x_wconf 84' lang='lat' dir='ltr'>Imperatorem</span> <span class='ocrx_word' id='word_1_53' title='bbox 731 913 825 971; x_wconf 91' lang='lat' dir='ltr'>habes</span> <span class='ocrx_word' id='word_1_54' title='bbox 847 911 1097 982; x_wconf 86' lang='lat' dir='ltr'>liberalissimum,</span> 
     </span>
     <span class='ocr_line' id='line_1_8' title="bbox 137 999 1099 1078; baseline -0.001 -18"><span class='ocrx_word' id='word_1_55' title='bbox 137 1012 265 1062; x_wconf 88' lang='lat' dir='ltr'>aetatem</span> <span class='ocrx_word' id='word_1_56' title='bbox 290 999 579 1078; x_wconf 87' lang='lat' dir='ltr'>opportunissimam,</span> <span class='ocrx_word' id='word_1_57' title='bbox 610 1000 903 1062; x_wconf 88' lang='lat' dir='ltr'>commendationem</span> <span class='ocrx_word' id='word_1_58' title='bbox 932 1011 1011 1061; x_wconf 90' lang='lat' dir='ltr'>certe</span> <span class='ocrx_word' id='word_1_59' title='bbox 1040 999 1099 1060; x_wconf 91' lang='lat' dir='ltr'>sin·</span> 
     </span>
     <span class='ocr_line' id='line_1_9' title="bbox 137 1088 1101 1168; baseline 0 -19"><span class='ocrx_word' id='word_1_60' title='bbox 137 1092 278 1168; x_wconf 86' lang='lat' dir='ltr'>gularem‚</span> <span class='ocrx_word' id='word_1_61' title='bbox 310 1098 342 1148; x_wconf 90' lang='lat' dir='ltr'>ut</span> <span class='ocrx_word' id='word_1_62' title='bbox 364 1089 419 1150; x_wconf 91' lang='lat' dir='ltr'>tibi</span> <span class='ocrx_word' id='word_1_63' title='bbox 442 1109 535 1151; x_wconf 91' lang='lat' dir='ltr'>unum</span> <span class='ocrx_word' id='word_1_64' title='bbox 558 1089 725 1150; x_wconf 89' lang='lat' dir='ltr'>timendum</span> <span class='ocrx_word' id='word_1_65' title='bbox 750 1090 796 1164; x_wconf 86' lang='lat' dir='ltr'>sit,</span> <span class='ocrx_word' id='word_1_66' title='bbox 822 1109 860 1148; x_wconf 93' lang='lat' dir='ltr'>ne</span> <span class='ocrx_word' id='word_1_67' title='bbox 884 1089 948 1168; x_wconf 93' lang='lat' dir='ltr'>ipse</span> <span class='ocrx_word' id='word_1_68' title='bbox 970 1088 1026 1150; x_wconf 93' lang='lat' dir='ltr'>tibi</span> <span class='ocrx_word' id='word_1_69' title='bbox 1049 1092 1101 1149; x_wconf 91' lang='lat' dir='ltr'>de·</span> 
     </span>
    </p>
   </div>
   <div class='ocr_carea' id='block_1_3' title="bbox 127 1177 381 1240">
    <p class='ocr_par' dir='ltr' id='par_1_3' title="bbox 127 1177 381 1240">
     <span class='ocr_line' id='line_1_10' title="bbox 127 1177 381 1240; baseline 0.008 -2"><span class='ocrx_word' id='word_1_70' title='bbox 127 1179 227 1238; x_wconf 81' lang='lat' dir='ltr'>-fuisse</span> <span class='ocrx_word' id='word_1_71' title='bbox 250 1177 381 1240; x_wconf 87' lang='lat' dir='ltr'>videare.</span> 
     </span>
    </p>
   </div>
   <div class='ocr_carea' id='block_1_4' title="bbox 367 1371 882 1576">
    <p class='ocr_par' dir='ltr' id='par_1_4' title="bbox 367 1371 882 1576">
     <span class='ocr_line' id='line_1_11' title="bbox 595 1371 657 1439; baseline 0.048 -4"><span class='ocrx_word' id='word_1_72' title='bbox 595 1371 657 1439; x_wconf 79' lang='lat'>40.</span> 
     </span>
     <span class='ocr_line' id='line_1_12' title="bbox 367 1513 882 1576; baseline -0.002 0"><span class='ocrx_word' id='word_1_73' title='bbox 367 1515 518 1576; x_wconf 91' lang='lat' dir='ltr'>CICERO</span> <span class='ocrx_word' id='word_1_74' title='bbox 542 1517 572 1575; x_wconf 87' lang='lat' dir='ltr'>S.</span> <span class='ocrx_word' id='word_1_75' title='bbox 597 1517 635 1576; x_wconf 91' lang='lat' dir='ltr'>D.</span> <span class='ocrx_word' id='word_1_76' title='bbox 660 1513 882 1575; x_wconf 82' lang='lat' dir='ltr'><strong>TREBATIO.</strong></span> 
     </span>
    </p>
   </div>
   <div class='ocr_carea' id='block_1_5' title="bbox 134 1708 1146 2593">
    <p class='ocr_par' dir='ltr' id='par_1_5' title="bbox 134 1708 1146 2593">
     <span class='ocr_line' id='line_1_13' title="bbox 182 1708 1146 1790; baseline 0.001 -19"><span class='ocrx_word' id='word_1_77' title='bbox 182 1708 256 1788; x_wconf 85' lang='lat' dir='ltr'>Legi</span> <span class='ocrx_word' id='word_1_78' title='bbox 278 1721 343 1771; x_wconf 89' lang='lat' dir='ltr'>tuas</span> <span class='ocrx_word' id='word_1_79' title='bbox 365 1710 484 1785; x_wconf 86' lang='lat' dir='ltr'>litteras,</span> <span class='ocrx_word' id='word_1_80' title='bbox 511 1730 548 1770; x_wconf 89' lang='lat' dir='ltr'>ex</span> <span class='ocrx_word' id='word_1_81' title='bbox 570 1708 678 1787; x_wconf 88' lang='lat' dir='ltr'>quibus</span> <span class='ocrx_word' id='word_1_82' title='bbox 701 1710 834 1790; x_wconf 87' lang='lat' dir='ltr'>intellexi</span> <span class='ocrx_word' id='word_1_83' title='bbox 856 1725 887 1773; x_wconf 90' lang='lat' dir='ltr'>te</span> <span class='ocrx_word' id='word_1_84' title='bbox 903 1714 1022 1775; x_wconf 71' lang='lat' dir='ltr'>Caesari</span> <span class='ocrx_word' id='word_1_85' title='bbox 1046 1735 1101 1776; x_wconf 91' lang='lat' dir='ltr'>no·</span> <span class='ocrx_word' id='word_1_86' title='bbox 1132 1734 1146 1772; x_wconf 93' lang='lat'>1</span> 
     </span>
     <span class='ocr_line' id='line_1_14' title="bbox 134 1799 1098 1881; baseline 0.006 -21"><span class='ocrx_word' id='word_1_87' title='bbox 134 1811 198 1861; x_wconf 91' lang='lat' dir='ltr'>stro</span> <span class='ocrx_word' id='word_1_88' title='bbox 220 1801 307 1860; x_wconf 90' lang='lat' dir='ltr'>valde</span> <span class='ocrx_word' id='word_1_89' title='bbox 330 1799 579 1860; x_wconf 89' lang='lat' dir='ltr'>iureconsultum</span> <span class='ocrx_word' id='word_1_90' title='bbox 602 1799 713 1860; x_wconf 91' lang='lat' dir='ltr'>videri:</span> <span class='ocrx_word' id='word_1_91' title='bbox 751 1805 899 1878; x_wconf 90' lang='lat' dir='ltr'>estquod</span> <span class='ocrx_word' id='word_1_92' title='bbox 921 1804 1052 1881; x_wconf 84' lang='lat' dir='ltr'>gaudeas</span> <span class='ocrx_word' id='word_1_93' title='bbox 1068 1816 1098 1866; x_wconf 91' lang='lat' dir='ltr'>te</span> 
     </span>
     <span class='ocr_line' id='line_1_15' title="bbox 137 1887 1095 1970; baseline 0.007 -22"><span class='ocrx_word' id='word_1_94' title='bbox 137 1889 169 1949; x_wconf 89' lang='lat' dir='ltr'>in</span> <span class='ocrx_word' id='word_1_95' title='bbox 185 1889 240 1948; x_wconf 88' lang='lat' dir='ltr'>ista</span> <span class='ocrx_word' id='word_1_96' title='bbox 254 1890 321 1949; x_wconf 89' lang='lat' dir='ltr'>loca</span> <span class='ocrx_word' id='word_1_97' title='bbox 334 1887 459 1961; x_wconf 85' lang='lat' dir='ltr'>venisse,</span> <span class='ocrx_word' id='word_1_98' title='bbox 484 1889 536 1949; x_wconf 92' lang='lat' dir='ltr'>ubi</span> <span class='ocrx_word' id='word_1_99' title='bbox 559 1889 674 1965; x_wconf 90' lang='lat' dir='ltr'>aliquid</span> <span class='ocrx_word' id='word_1_100' title='bbox 691 1894 794 1968; x_wconf 69' lang='lat' dir='ltr'>sapere</span> <span class='ocrx_word' id='word_1_101' title='bbox 817 1892 959 1955; x_wconf 73' lang='lat' dir='ltr'>viderere.</span> <span class='ocrx_word' id='word_1_102' title='bbox 1002 1896 1095 1970; x_wconf 89' lang='lat' dir='ltr'>Quod</span> 
     </span>
     <span class='ocr_line' id='line_1_16' title="bbox 136 1977 1098 2058; baseline 0.005 -19"><span class='ocrx_word' id='word_1_103' title='bbox 136 1978 209 2039; x_wconf 92' lang='lat' dir='ltr'>siin</span> <span class='ocrx_word' id='word_1_104' title='bbox 225 1977 406 2037; x_wconf 89' lang='lat' dir='ltr'>Britanniam</span> <span class='ocrx_word' id='word_1_105' title='bbox 423 1997 543 2056; x_wconf 89' lang='lat' dir='ltr'>quoque</span> <span class='ocrx_word' id='word_1_106' title='bbox 566 1980 716 2055; x_wconf 86' lang='lat' dir='ltr'>profectus</span> <span class='ocrx_word' id='word_1_107' title='bbox 739 1998 826 2054; x_wconf 88' lang='lat' dir='ltr'>esses,</span> <span class='ocrx_word' id='word_1_108' title='bbox 852 1984 986 2058; x_wconf 85' lang='lat' dir='ltr'>profecto</span> <span class='ocrx_word' id='word_1_109' title='bbox 1006 2003 1098 2044; x_wconf 91' lang='lat' dir='ltr'>nemo</span> 
     </span>
     <span class='ocr_line' id='line_1_17' title="bbox 136 2065 1098 2144; baseline 0.005 -17"><span class='ocrx_word' id='word_1_110' title='bbox 136 2068 170 2127; x_wconf 92' lang='lat' dir='ltr'>in</span> <span class='ocrx_word' id='word_1_111' title='bbox 185 2065 237 2126; x_wconf 92' lang='lat' dir='ltr'>illa</span> <span class='ocrx_word' id='word_1_112' title='bbox 251 2076 334 2127; x_wconf 85' lang='lat' dir='ltr'>tanta</span> <span class='ocrx_word' id='word_1_113' title='bbox 355 2067 451 2127; x_wconf 91' lang='lat' dir='ltr'>insula</span> <span class='ocrx_word' id='word_1_114' title='bbox 466 2066 589 2144; x_wconf 89' lang='lat' dir='ltr'>peritior</span> <span class='ocrx_word' id='word_1_115' title='bbox 604 2078 634 2127; x_wconf 90' lang='lat' dir='ltr'>te</span> <span class='ocrx_word' id='word_1_116' title='bbox 657 2068 768 2128; x_wconf 84' lang='lat' dir='ltr'>suisset.</span> <span class='ocrx_word' id='word_1_117' title='bbox 807 2072 919 2130; x_wconf 90' lang='lat' dir='ltr'>Verum</span> <span class='ocrx_word' id='word_1_118' title='bbox 935 2082 1036 2132; x_wconf 89' lang='lat' dir='ltr'>tamen</span> <span class='ocrx_word' id='word_1_119' title='bbox 1055 2107 1098 2117; x_wconf 88' lang='lat'><em>-</em></span> 
     </span>
     <span class='ocr_line' id='line_1_18' title="bbox 135 2155 1096 2222; baseline 0.006 -6"><span class='ocrx_word' id='word_1_120' title='bbox 135 2158 288 2216; x_wconf 86' lang='lat' dir='ltr'>rideamus</span> <span class='ocrx_word' id='word_1_121' title='bbox 317 2155 407 2218; x_wconf 88' lang='lat' dir='ltr'>licet:</span> <span class='ocrx_word' id='word_1_122' title='bbox 447 2175 511 2215; x_wconf 89' lang='lat' dir='ltr'>sum</span> <span class='ocrx_word' id='word_1_123' title='bbox 540 2155 620 2215; x_wconf 92' lang='lat' dir='ltr'>enim</span> <span class='ocrx_word' id='word_1_124' title='bbox 650 2177 668 2215; x_wconf 90' lang='lat' dir='ltr'>a</span> <span class='ocrx_word' id='word_1_125' title='bbox 698 2167 728 2216; x_wconf 94' lang='lat' dir='ltr'>te</span> <span class='ocrx_word' id='word_1_126' title='bbox 758 2156 898 2220; x_wconf 91' lang='lat' dir='ltr'>invitatus</span> <span class='ocrx_word' id='word_1_127' title='bbox 925 2193 969 2205; x_wconf 89' lang='lat'><em>-</em></span> <span class='ocrx_word' id='word_1_128' title='bbox 996 2161 1096 2222; x_wconf 90' lang='lat' dir='ltr'>subin·</span> 
     </span>
     <span class='ocr_line' id='line_1_19' title="bbox 136 2244 1096 2327; baseline 0.005 -22"><span class='ocrx_word' id='word_1_129' title='bbox 136 2245 229 2305; x_wconf 89' lang='lat' dir='ltr'>video</span> <span class='ocrx_word' id='word_1_130' title='bbox 253 2244 316 2320; x_wconf 92' lang='lat' dir='ltr'>tibi,</span> <span class='ocrx_word' id='word_1_131' title='bbox 349 2248 427 2304; x_wconf 91' lang='lat' dir='ltr'>ultro</span> <span class='ocrx_word' id='word_1_132' title='bbox 450 2255 480 2304; x_wconf 88' lang='lat' dir='ltr'>te</span> <span class='ocrx_word' id='word_1_133' title='bbox 504 2245 591 2304; x_wconf 89' lang='lat' dir='ltr'>etiam</span> <span class='ocrx_word' id='word_1_134' title='bbox 614 2251 786 2306; x_wconf 89' lang='lat' dir='ltr'>arcessitum</span> <span class='ocrx_word' id='word_1_135' title='bbox 810 2251 849 2308; x_wconf 87' lang='lat' dir='ltr'>ab</span> <span class='ocrx_word' id='word_1_136' title='bbox 872 2268 917 2322; x_wconf 91' lang='lat' dir='ltr'>e0,</span> <span class='ocrx_word' id='word_1_137' title='bbox 943 2250 982 2308; x_wconf 94' lang='lat' dir='ltr'>ad</span> <span class='ocrx_word' id='word_1_138' title='bbox 1005 2269 1096 2327; x_wconf 90' lang='lat' dir='ltr'>quem</span> 
     </span>
     <span class='ocr_line' id='line_1_20' title="bbox 134 2333 1097 2416; baseline 0.004 -21"><span class='ocrx_word' id='word_1_139' title='bbox 134 2333 240 2406; x_wconf 82' lang='lat' dir='ltr'>ceteri,</span> <span class='ocrx_word' id='word_1_140' title='bbox 271 2353 333 2393; x_wconf 90' lang='lat' dir='ltr'>non</span> <span class='ocrx_word' id='word_1_141' title='bbox 363 2344 485 2411; x_wconf 91' lang='lat' dir='ltr'>propter</span> <span class='ocrx_word' id='word_1_142' title='bbox 507 2334 677 2411; x_wconf 86' lang='lat' dir='ltr'>superbiam</span> <span class='ocrx_word' id='word_1_143' title='bbox 708 2335 779 2408; x_wconf 91' lang='lat' dir='ltr'>eius,</span> <span class='ocrx_word' id='word_1_144' title='bbox 812 2338 866 2397; x_wconf 89' lang='lat' dir='ltr'>sed</span> <span class='ocrx_word' id='word_1_145' title='bbox 895 2349 1018 2416; x_wconf 89' lang='lat' dir='ltr'>propter</span> <span class='ocrx_word' id='word_1_146' title='bbox 1049 2359 1097 2400; x_wconf 89' lang='lat' dir='ltr'>oc·</span> 
     </span>
     <span class='ocr_line' id='line_1_21' title="bbox 136 2422 1142 2500; baseline 0.003 -17"><span class='ocrx_word' id='word_1_147' title='bbox 136 2423 339 2500; x_wconf 90' lang='lat' dir='ltr'>cupationem,</span> <span class='ocrx_word' id='word_1_148' title='bbox 374 2422 502 2500; x_wconf 89' lang='lat' dir='ltr'>aspirare</span> <span class='ocrx_word' id='word_1_149' title='bbox 533 2441 594 2482; x_wconf 92' lang='lat' dir='ltr'>non</span> <span class='ocrx_word' id='word_1_150' title='bbox 628 2435 762 2500; x_wconf 90' lang='lat' dir='ltr'>possunt.</span> <span class='ocrx_word' id='word_1_151' title='bbox 821 2427 881 2486; x_wconf 90' lang='lat' dir='ltr'>Sed</span> <span class='ocrx_word' id='word_1_152' title='bbox 911 2437 945 2487; x_wconf 90' lang='lat' dir='ltr'>tu</span> <span class='ocrx_word' id='word_1_153' title='bbox 979 2427 1011 2487; x_wconf 93' lang='lat' dir='ltr'>in</span> <span class='ocrx_word' id='word_1_154' title='bbox 1042 2427 1099 2488; x_wconf 87' lang='lat' dir='ltr'>ista</span> <span class='ocrx_word' id='word_1_155' title='bbox 1127 2447 1142 2486; x_wconf 85' lang='lat' dir='ltr'>a</span> 
     </span>
     <span class='ocr_line' id='line_1_22' title="bbox 134 2510 1101 2593; baseline 0.005 -21"><span class='ocrx_word' id='word_1_156' title='bbox 134 2511 265 2590; x_wconf 88' lang='lat' dir='ltr'>epistula</span> <span class='ocrx_word' id='word_1_157' title='bbox 291 2511 366 2571; x_wconf 92' lang='lat' dir='ltr'>nihil</span> <span class='ocrx_word' id='word_1_158' title='bbox 388 2511 462 2570; x_wconf 92' lang='lat' dir='ltr'>mihi</span> <span class='ocrx_word' id='word_1_159' title='bbox 491 2510 631 2588; x_wconf 88' lang='lat' dir='ltr'>scripsisti</span> <span class='ocrx_word' id='word_1_160' title='bbox 662 2514 700 2572; x_wconf 88' lang='lat' dir='ltr'>de</span> <span class='ocrx_word' id='word_1_161' title='bbox 725 2511 782 2572; x_wconf 90' lang='lat' dir='ltr'>tuis</span> <span class='ocrx_word' id='word_1_162' title='bbox 809 2517 907 2588; x_wconf 84' lang='lat' dir='ltr'>rebus,</span> <span class='ocrx_word' id='word_1_163' title='bbox 937 2521 1014 2593; x_wconf 88' lang='lat' dir='ltr'>quae</span> <span class='ocrx_word' id='word_1_164' title='bbox 1040 2535 1101 2576; x_wconf 92' lang='lat' dir='ltr'>me·</span> 
     </span>
    </p>
   </div>
   <div class='ocr_carea' id='block_1_6' title="bbox 134 2759 595 3751">
    <p class='ocr_par' dir='ltr' id='par_1_6' title="bbox 136 2759 592 3040">
     <span class='ocr_line' id='line_1_23' title="bbox 136 2759 592 2826; baseline -0.007 -15"><span class='ocrx_word' id='word_1_165' title='bbox 136 2760 282 2826; x_wconf 89' lang='lat' dir='ltr'>spedizioni</span> <span class='ocrx_word' id='word_1_166' title='bbox 302 2760 328 2808; x_wconf 93' lang='lat' dir='ltr'>di</span> <span class='ocrx_word' id='word_1_167' title='bbox 342 2760 434 2809; x_wconf 87' lang='lat' dir='ltr'>Cesare</span> <span class='ocrx_word' id='word_1_168' title='bbox 453 2760 481 2809; x_wconf 92' lang='lat' dir='ltr'>in</span> <span class='ocrx_word' id='word_1_169' title='bbox 493 2759 592 2809; x_wconf 86' lang='lat' dir='ltr'>Britan·</span> 
     </span>
     <span class='ocr_line' id='line_1_24' title="bbox 138 2831 592 2896; baseline -0.007 -15"><span class='ocrx_word' id='word_1_170' title='bbox 138 2833 191 2892; x_wconf 91' lang='lat' dir='ltr'>nia,</span> <span class='ocrx_word' id='word_1_171' title='bbox 215 2831 283 2880; x_wconf 87' lang='lat' dir='ltr'>delle</span> <span class='ocrx_word' id='word_1_172' title='bbox 307 2831 376 2896; x_wconf 82' lang='lat' dir='ltr'>quali</span> <span class='ocrx_word' id='word_1_173' title='bbox 396 2833 521 2880; x_wconf 87' lang='lat' dir='ltr'>Cicerone</span> <span class='ocrx_word' id='word_1_174' title='bbox 539 2846 592 2878; x_wconf 89' lang='lat' dir='ltr'>non</span> 
     </span>
     <span class='ocr_line' id='line_1_25' title="bbox 137 2902 592 2968; baseline -0.004 -16"><span class='ocrx_word' id='word_1_175' title='bbox 137 2903 328 2968; x_wconf 83' lang='lat' dir='ltr'>comprendeva</span> <span class='ocrx_word' id='word_1_176' title='bbox 338 2919 354 2950; x_wconf 93' lang='lat' dir='ltr'>o</span> <span class='ocrx_word' id='word_1_177' title='bbox 364 2918 417 2952; x_wconf 93' lang='lat' dir='ltr'>non</span> <span class='ocrx_word' id='word_1_178' title='bbox 427 2902 516 2952; x_wconf 83' lang='lat' dir='ltr'>voleva</span> <span class='ocrx_word' id='word_1_179' title='bbox 524 2917 592 2950; x_wconf 88' lang='lat' dir='ltr'>com·</span> 
     </span>
     <span class='ocr_line' id='line_1_26' title="bbox 138 2974 418 3040; baseline -0.007 -17"><span class='ocrx_word' id='word_1_180' title='bbox 138 2975 267 3040; x_wconf 87' lang='lat' dir='ltr'>prendere</span> <span class='ocrx_word' id='word_1_181' title='bbox 286 2974 311 3023; x_wconf 91' lang='lat' dir='ltr'>lo</span> <span class='ocrx_word' id='word_1_182' title='bbox 330 2989 418 3038; x_wconf 88' lang='lat' dir='ltr'>scopo.</span> 
     </span>
    </p>

    <p class='ocr_par' dir='ltr' id='par_1_7' title="bbox 134 3040 595 3608">
     <span class='ocr_line' id='line_1_27' title="bbox 176 3040 593 3109; baseline -0.005 -16"><span class='ocrx_word' id='word_1_183' title='bbox 176 3045 288 3093; x_wconf 82' lang='lat' dir='ltr'>essedum</span> <span class='ocrx_word' id='word_1_184' title='bbox 299 3041 392 3109; x_wconf 87' lang='lat' dir='ltr'>(anche</span> <span class='ocrx_word' id='word_1_185' title='bbox 402 3040 504 3108; x_wconf 84' lang='lat' dir='ltr'>e&#39;sseda).</span> <span class='ocrx_word' id='word_1_186' title='bbox 513 3043 593 3092; x_wconf 90' lang='lat' dir='ltr'>Carro</span> 
     </span>
     <span class='ocr_line' id='line_1_28' title="bbox 136 3115 593 3182; baseline -0.007 -17"><span class='ocrx_word' id='word_1_187' title='bbox 136 3117 236 3182; x_wconf 85' lang='lat' dir='ltr'>gallico</span> <span class='ocrx_word' id='word_1_188' title='bbox 256 3118 333 3165; x_wconf 89' lang='lat' dir='ltr'>adue</span> <span class='ocrx_word' id='word_1_189' title='bbox 351 3125 431 3165; x_wconf 86' lang='lat' dir='ltr'>ruote.</span> <span class='ocrx_word' id='word_1_190' title='bbox 451 3117 545 3166; x_wconf 81' lang='lat' dir='ltr'>Senso:</span> <span class='ocrx_word' id='word_1_191' title='bbox 566 3115 593 3162; x_wconf 87' lang='lat' dir='ltr'>in</span> 
     </span>
     <span class='ocr_line' id='line_1_29' title="bbox 137 3185 593 3250; baseline -0.009 -12"><span class='ocrx_word' id='word_1_192' title='bbox 137 3188 273 3239; x_wconf 86' lang='lat' dir='ltr'>Britannia</span> <span class='ocrx_word' id='word_1_193' title='bbox 287 3203 339 3236; x_wconf 89' lang='lat' dir='ltr'>non</span> <span class='ocrx_word' id='word_1_194' title='bbox 352 3185 390 3236; x_wconf 67' lang='lat' dir='ltr'>v’d</span> <span class='ocrx_word' id='word_1_195' title='bbox 403 3187 474 3236; x_wconf 90' lang='lat' dir='ltr'>nulla</span> <span class='ocrx_word' id='word_1_196' title='bbox 487 3188 519 3234; x_wconf 88' lang='lat' dir='ltr'>da</span> <span class='ocrx_word' id='word_1_197' title='bbox 533 3201 593 3250; x_wconf 87' lang='lat' dir='ltr'>gua·</span> 
     </span>
     <span class='ocr_line' id='line_1_30' title="bbox 135 3257 594 3324; baseline -0.009 -15"><span class='ocrx_word' id='word_1_198' title='bbox 135 3261 261 3324; x_wconf 83' lang='lat' dir='ltr'>dagnare,</span> <span class='ocrx_word' id='word_1_199' title='bbox 286 3259 388 3317; x_wconf 89' lang='lat' dir='ltr'>laonde‚</span> <span class='ocrx_word' id='word_1_200' title='bbox 407 3275 434 3307; x_wconf 88' lang='lat' dir='ltr'>se</span> <span class='ocrx_word' id='word_1_201' title='bbox 453 3274 505 3307; x_wconf 90' lang='lat' dir='ltr'>non</span> <span class='ocrx_word' id='word_1_202' title='bbox 532 3257 594 3321; x_wconf 89' lang='lat' dir='ltr'>puoi</span> 
     </span>
     <span class='ocr_line' id='line_1_31' title="bbox 134 3330 594 3380; baseline -0.011 0"><span class='ocrx_word' id='word_1_203' title='bbox 134 3347 216 3380; x_wconf 83' lang='lat' dir='ltr'>avere</span> <span class='ocrx_word' id='word_1_204' title='bbox 236 3330 253 3378; x_wconf 90' lang='lat' dir='ltr'>il</span> <span class='ocrx_word' id='word_1_205' title='bbox 267 3331 353 3380; x_wconf 86' lang='lat' dir='ltr'>favore</span> <span class='ocrx_word' id='word_1_206' title='bbox 367 3331 393 3378; x_wconf 90' lang='lat' dir='ltr'>di</span> <span class='ocrx_word' id='word_1_207' title='bbox 405 3331 498 3380; x_wconf 87' lang='lat' dir='ltr'>Cesare</span> <span class='ocrx_word' id='word_1_208' title='bbox 518 3343 594 3377; x_wconf 87' lang='lat' dir='ltr'>senza</span> 
     </span>
     <span class='ocr_line' id='line_1_32' title="bbox 136 3397 594 3466; baseline -0.013 -12"><span class='ocrx_word' id='word_1_209' title='bbox 136 3401 356 3466; x_wconf 83' lang='lat' dir='ltr'>accompaguarlo</span> <span class='ocrx_word' id='word_1_210' title='bbox 375 3397 440 3459; x_wconf 74' lang='lat' dir='ltr'>coll,</span> <span class='ocrx_word' id='word_1_211' title='bbox 460 3406 594 3451; x_wconf 83' lang='lat' dir='ltr'>tdrnatene</span> 
     </span>
     <span class='ocr_line' id='line_1_33' title="bbox 134 3470 595 3538; baseline -0.015 -13"><span class='ocrx_word' id='word_1_212' title='bbox 134 3493 153 3524; x_wconf 85' lang='lat' dir='ltr'>a</span> <span class='ocrx_word' id='word_1_213' title='bbox 173 3476 277 3530; x_wconf 86' lang='lat' dir='ltr'>Roma;</span> <span class='ocrx_word' id='word_1_214' title='bbox 302 3489 343 3521; x_wconf 90' lang='lat' dir='ltr'>ma</span> <span class='ocrx_word' id='word_1_215' title='bbox 365 3489 392 3522; x_wconf 90' lang='lat' dir='ltr'>se</span> <span class='ocrx_word' id='word_1_216' title='bbox 416 3472 478 3538; x_wconf 90' lang='lat' dir='ltr'>puoi</span> <span class='ocrx_word' id='word_1_217' title='bbox 503 3470 557 3520; x_wconf 89' lang='lat' dir='ltr'>fare</span> <span class='ocrx_word' id='word_1_218' title='bbox 580 3487 595 3518; x_wconf 89' lang='lat' dir='ltr'>a</span> 
     </span>
     <span class='ocr_line' id='line_1_34' title="bbox 137 3539 595 3608; baseline -0.011 -13"><span class='ocrx_word' id='word_1_219' title='bbox 137 3561 218 3595; x_wconf 87' lang='lat' dir='ltr'>meno</span> <span class='ocrx_word' id='word_1_220' title='bbox 225 3541 356 3592; x_wconf 83' lang='lat' dir='ltr'>d&#39;andarvi</span> <span class='ocrx_word' id='word_1_221' title='bbox 367 3541 432 3608; x_wconf 77' lang='lat' dir='ltr'>(sine</span> <span class='ocrx_word' id='word_1_222' title='bbox 441 3539 532 3605; x_wconf 74' lang='lat' dir='ltr'>Bria),</span> <span class='ocrx_word' id='word_1_223' title='bbox 540 3551 595 3590; x_wconf 86' lang='lat' dir='ltr'>ecc.</span> 
     </span>
    </p>

    <p class='ocr_par' dir='ltr' id='par_1_8' title="bbox 136 3613 594 3751">
     <span class='ocr_line' id='line_1_35' title="bbox 174 3613 594 3678; baseline -0.007 -14"><span class='ocrx_word' id='word_1_224' title='bbox 174 3617 286 3664; x_wconf 81' lang='lat' dir='ltr'>videare.</span> <span class='ocrx_word' id='word_1_225' title='bbox 309 3616 463 3665; x_wconf 88' lang='lat' dir='ltr'>Pleonasmo</span> <span class='ocrx_word' id='word_1_226' title='bbox 484 3613 594 3678; x_wconf 86' lang='lat' dir='ltr'>special-</span> 
     </span>
     <span class='ocr_line' id='line_1_36' title="bbox 136 3686 577 3751; baseline 0 -13"><span class='ocrx_word' id='word_1_227' title='bbox 136 3697 227 3738; x_wconf 90' lang='lat' dir='ltr'>mente</span> <span class='ocrx_word' id='word_1_228' title='bbox 246 3686 377 3751; x_wconf 86' lang='lat' dir='ltr'>frequente</span> <span class='ocrx_word' id='word_1_229' title='bbox 396 3687 423 3735; x_wconf 92' lang='lat' dir='ltr'>in</span> <span class='ocrx_word' id='word_1_230' title='bbox 442 3686 577 3738; x_wconf 88' lang='lat' dir='ltr'>Cicerone.</span> 
     </span>
    </p>
   </div>
   <div class='ocr_carea' id='block_1_7' title="bbox 647 2756 1104 3684">
    <p class='ocr_par' dir='ltr' id='par_1_9' title="bbox 647 2756 1101 2894">
     <span class='ocr_line' id='line_1_37' title="bbox 682 2756 1101 2825; baseline 0.007 -15"><span class='ocrx_word' id='word_1_231' title='bbox 682 2757 738 2825; x_wconf 73' lang='lat' dir='ltr'>llll.</span> <span class='ocrx_word' id='word_1_232' title='bbox 757 2756 807 2814; x_wconf 82' lang='grc'>40.</span> <span class='ocrx_word' id='word_1_233' title='bbox 825 2764 867 2811; x_wconf 87' lang='lat' dir='ltr'>Da</span> <span class='ocrx_word' id='word_1_234' title='bbox 885 2766 978 2823; x_wconf 80' lang='lat' dir='ltr'>Roma,</span> <span class='ocrx_word' id='word_1_235' title='bbox 1001 2765 1043 2813; x_wconf 86' lang='lat' dir='ltr'>nel</span> <span class='ocrx_word' id='word_1_236' title='bbox 1063 2765 1101 2813; x_wconf 88' lang='lat' dir='ltr'>di·</span> 
     </span>
     <span class='ocr_line' id='line_1_38' title="bbox 647 2833 892 2894; baseline 0.012 -14"><span class='ocrx_word' id='word_1_237' title='bbox 647 2833 749 2881; x_wconf 90' lang='lat' dir='ltr'>cembre</span> <span class='ocrx_word' id='word_1_238' title='bbox 771 2834 812 2882; x_wconf 88' lang='lat' dir='ltr'>del</span> <span class='ocrx_word' id='word_1_239' title='bbox 833 2845 892 2894; x_wconf 91' lang='lat'>700.</span> 
     </span>
    </p>

    <p class='ocr_par' dir='ltr' id='par_1_10' title="bbox 647 2905 1104 3608">
     <span class='ocr_line' id='line_1_39' title="bbox 686 2905 1104 2969; baseline 0.019 -19"><span class='ocrx_word' id='word_1_240' title='bbox 686 2915 707 2950; x_wconf 92' lang='lat'>1.</span> <span class='ocrx_word' id='word_1_241' title='bbox 736 2905 795 2952; x_wconf 79' lang='lat' dir='ltr'>iure</span> <span class='ocrx_word' id='word_1_242' title='bbox 824 2907 975 2954; x_wconf 80' lang='lat' dir='ltr'>consultum.</span> <span class='ocrx_word' id='word_1_243' title='bbox 1007 2907 1104 2969; x_wconf 85' lang='lat' dir='ltr'>Queste</span> 
     </span>
     <span class='ocr_line' id='line_1_40' title="bbox 647 2975 1102 3028; baseline 0.011 -6"><span class='ocrx_word' id='word_1_244' title='bbox 647 2975 696 3023; x_wconf 90' lang='lat' dir='ltr'>due</span> <span class='ocrx_word' id='word_1_245' title='bbox 715 2976 773 3024; x_wconf 88' lang='lat' dir='ltr'>voci</span> <span class='ocrx_word' id='word_1_246' title='bbox 787 2991 840 3025; x_wconf 89' lang='lat' dir='ltr'>non</span> <span class='ocrx_word' id='word_1_247' title='bbox 854 2977 875 3026; x_wconf 92' lang='lat' dir='ltr'>si</span> <span class='ocrx_word' id='word_1_248' title='bbox 890 2977 1010 3027; x_wconf 90' lang='lat' dir='ltr'>debbono</span> <span class='ocrx_word' id='word_1_249' title='bbox 1024 2978 1102 3028; x_wconf 90' lang='lat' dir='ltr'>inter-</span> 
     </span>
     <span class='ocr_line' id='line_1_41' title="bbox 647 3048 1101 3110; baseline 0.015 -17"><span class='ocrx_word' id='word_1_250' title='bbox 647 3055 746 3110; x_wconf 86' lang='lat' dir='ltr'>pretare</span> <span class='ocrx_word' id='word_1_251' title='bbox 764 3063 839 3097; x_wconf 83' lang='lat' dir='ltr'>corne</span> <span class='ocrx_word' id='word_1_252' title='bbox 852 3063 879 3097; x_wconf 94' lang='lat' dir='ltr'>se</span> <span class='ocrx_word' id='word_1_253' title='bbox 898 3048 995 3100; x_wconf 89' lang='lat' dir='ltr'>fossero</span> <span class='ocrx_word' id='word_1_254' title='bbox 1014 3050 1101 3099; x_wconf 86' lang='lat' dir='ltr'>scritte</span> 
     </span>
     <span class='ocr_line' id='line_1_42' title="bbox 647 3117 1099 3172; baseline 0.009 -8"><span class='ocrx_word' id='word_1_255' title='bbox 647 3117 770 3172; x_wconf 72' lang='lat' dir='ltr'>insieme:</span> <span class='ocrx_word' id='word_1_256' title='bbox 791 3119 810 3167; x_wconf 93' lang='lat' dir='ltr'>il</span> <span class='ocrx_word' id='word_1_257' title='bbox 829 3119 876 3168; x_wconf 91' lang='lat' dir='ltr'>che</span> <span class='ocrx_word' id='word_1_258' title='bbox 895 3117 909 3167; x_wconf 78' lang='grc' dir='ltr'>ὲ</span> <span class='ocrx_word' id='word_1_259' title='bbox 929 3119 1011 3168; x_wconf 87' lang='lat' dir='ltr'>anche</span> <span class='ocrx_word' id='word_1_260' title='bbox 1031 3120 1099 3169; x_wconf 91' lang='lat' dir='ltr'>indi-</span> 
     </span>
     <span class='ocr_line' id='line_1_43' title="bbox 647 3189 1100 3255; baseline 0.011 -19"><span class='ocrx_word' id='word_1_261' title='bbox 647 3197 705 3237; x_wconf 88' lang='lat' dir='ltr'>cato</span> <span class='ocrx_word' id='word_1_262' title='bbox 724 3189 793 3238; x_wconf 89' lang='lat' dir='ltr'>dalla</span> <span class='ocrx_word' id='word_1_263' title='bbox 812 3205 933 3255; x_wconf 89' lang='lat' dir='ltr'>presenza</span> <span class='ocrx_word' id='word_1_264' title='bbox 952 3190 1100 3241; x_wconf 88' lang='lat' dir='ltr'>dell¹avver·</span> 
     </span>
     <span class='ocr_line' id='line_1_44' title="bbox 647 3258 1102 3324; baseline 0.007 -16"><span class='ocrx_word' id='word_1_265' title='bbox 647 3258 691 3308; x_wconf 91' lang='lat' dir='ltr'>bio</span> <span class='ocrx_word' id='word_1_266' title='bbox 701 3259 781 3308; x_wconf 78' lang='lat' dir='ltr'>ualde.</span> <span class='ocrx_word' id='word_1_267' title='bbox 797 3262 847 3324; x_wconf 89' lang='lat' dir='ltr'>Qui</span> <span class='ocrx_word' id='word_1_268' title='bbox 862 3261 988 3312; x_wconf 88' lang='lat' dir='ltr'>Cicerone</span> <span class='ocrx_word' id='word_1_269' title='bbox 998 3261 1102 3312; x_wconf 84' lang='lat' dir='ltr'>scherza</span> 
     </span>
     <span class='ocr_line' id='line_1_45' title="bbox 647 3331 1101 3397; baseline 0.011 -19"><span class='ocrx_word' id='word_1_270' title='bbox 647 3347 724 3395; x_wconf 82' lang='lat' dir='ltr'>sopra</span> <span class='ocrx_word' id='word_1_271' title='bbox 733 3331 898 3381; x_wconf 87' lang='lat' dir='ltr'>l&#39;erudizione</span> <span class='ocrx_word' id='word_1_272' title='bbox 908 3333 992 3397; x_wconf 86' lang='lat' dir='ltr'>legale</span> <span class='ocrx_word' id='word_1_273' title='bbox 999 3334 1025 3382; x_wconf 93' lang='lat' dir='ltr'>di</span> <span class='ocrx_word' id='word_1_274' title='bbox 1036 3334 1101 3384; x_wconf 90' lang='lat' dir='ltr'>Caio</span> 
     </span>
     <span class='ocr_line' id='line_1_46' title="bbox 648 3400 1103 3468; baseline 0.011 -18"><span class='ocrx_word' id='word_1_275' title='bbox 648 3402 773 3451; x_wconf 90' lang='lat' dir='ltr'>Trebazio</span> <span class='ocrx_word' id='word_1_276' title='bbox 792 3405 871 3453; x_wconf 83' lang='lat' dir='ltr'>Testa</span> <span class='ocrx_word' id='word_1_277' title='bbox 895 3400 922 3468; x_wconf 89' lang='lat' dir='ltr'>(a</span> <span class='ocrx_word' id='word_1_278' title='bbox 944 3405 986 3453; x_wconf 89' lang='lat' dir='ltr'>cui</span> <span class='ocrx_word' id='word_1_279' title='bbox 1010 3405 1103 3455; x_wconf 89' lang='lat' dir='ltr'>Orazio</span> 
     </span>
     <span class='ocr_line' id='line_1_47' title="bbox 648 3473 1104 3539; baseline 0.009 -18"><span class='ocrx_word' id='word_1_280' title='bbox 648 3473 742 3522; x_wconf 87' lang='lat' dir='ltr'>diresse</span> <span class='ocrx_word' id='word_1_281' title='bbox 761 3475 786 3523; x_wconf 91' lang='lat' dir='ltr'>la</span> <span class='ocrx_word' id='word_1_282' title='bbox 805 3475 888 3539; x_wconf 82' lang='lat' dir='ltr'>prima</span> <span class='ocrx_word' id='word_1_283' title='bbox 907 3475 983 3526; x_wconf 86' lang='lat' dir='ltr'>satira</span> <span class='ocrx_word' id='word_1_284' title='bbox 1004 3476 1047 3526; x_wconf 88' lang='lat' dir='ltr'>del</span> <span class='ocrx_word' id='word_1_285' title='bbox 1065 3491 1104 3525; x_wconf 88' lang='lat' dir='ltr'>se-</span> 
     </span>
     <span class='ocr_line' id='line_1_48' title="bbox 649 3543 839 3608; baseline 0.005 -14"><span class='ocrx_word' id='word_1_286' title='bbox 649 3545 732 3594; x_wconf 89' lang='lat' dir='ltr'>condo</span> <span class='ocrx_word' id='word_1_287' title='bbox 752 3543 839 3608; x_wconf 87' lang='lat' dir='ltr'>libro).</span> 
     </span>
    </p>

    <p class='ocr_par' dir='ltr' id='par_1_11' title="bbox 684 3616 1104 3684">
     <span class='ocr_line' id='line_1_49' title="bbox 684 3616 1104 3684; baseline 0.012 -22"><span class='ocrx_word' id='word_1_288' title='bbox 684 3616 762 3666; x_wconf 87' lang='lat' dir='ltr'>ultro.</span> <span class='ocrx_word' id='word_1_289' title='bbox 783 3619 863 3667; x_wconf 86' lang='lat' dir='ltr'>Senza</span> <span class='ocrx_word' id='word_1_290' title='bbox 877 3618 924 3667; x_wconf 89' lang='lat' dir='ltr'>che</span> <span class='ocrx_word' id='word_1_291' title='bbox 935 3626 961 3668; x_wconf 92' lang='lat' dir='ltr'>tu</span> <span class='ocrx_word' id='word_1_292' title='bbox 975 3618 1012 3684; x_wconf 85' lang='lat' dir='ltr'>gli</span> <span class='ocrx_word' id='word_1_293' title='bbox 1026 3618 1104 3668; x_wconf 88' lang='lat' dir='ltr'>abbia</span> 
     </span>
    </p>
   </div>
   <div class='ocr_carea' id='block_1_8' title="bbox 640 3689 1040 3756">
    <p class='ocr_par' dir='ltr' id='par_1_12' title="bbox 640 3689 1040 3756">
     <span class='ocr_line' id='line_1_50' title="bbox 640 3689 1040 3756; baseline 0.01 -22"><span class='ocrx_word' id='word_1_294' title='bbox 640 3701 704 3736; x_wconf 65' lang='lat' dir='ltr'>,reso</span> <span class='ocrx_word' id='word_1_295' title='bbox 723 3689 806 3754; x_wconf 86' lang='lat' dir='ltr'>prima</span> <span class='ocrx_word' id='word_1_296' title='bbox 827 3689 902 3739; x_wconf 89' lang='lat' dir='ltr'>alcun</span> <span class='ocrx_word' id='word_1_297' title='bbox 921 3690 1040 3756; x_wconf 81' lang='lat' dir='ltr'>servigio.</span> 
     </span>
    </p>
   </div>
   <div class='ocr_carea' id='block_1_9' title="bbox 0 0 1400 4326">
    <p class='ocr_par' dir='ltr' id='par_1_13' title="bbox 0 0 1400 4326">
     <span class='ocr_line' id='line_1_51' title="bbox 0 0 1400 4326; baseline 0 0"><span class='ocrx_word' id='word_1_298' title='bbox 0 0 1400 4326; x_wconf 95' lang='lat' dir='ltr'> </span> 
     </span>
    </p>
   </div>
  </div>
 </body>
</html>
