2788 4326
498 335 648 378 uusruru
676 338 780 378 11·12.
1094 339 1113 396 9

153 466 197 524 ad
221 462 253 523 id
275 463 410 537 biduum,
435 465 518 541 quod
540 463 629 524 fueris
657 463 688 523 iu
710 461 767 537 via,
796 462 867 522 dum
891 460 922 521 in
945 463 1114 523 Cumanum

157 551 251 626 -venis,
276 554 420 614 accedent
435 552 577 614 continuo
593 554 632 612 ad
647 552 777 612 reditum
793 550 856 610 dies
873 550 1012 628 quinque.
1049 555 1116 629 Ego

154 641 189 702 in
206 641 365 702 Formiino
381 663 408 703 a.
426 643 455 701 d.
474 659 516 702 ur.
536 643 606 702 Kal.
623 661 687 702 esse
708 642 794 701 volo:
829 639 871 700 ibi
894 650 924 700 te
945 650 979 699 ut
997 643 1114 700 firmum

159 731 320 803 offendam,
337 729 379 790 mi
394 729 474 805 Tiro,
492 731 589 792 effice.
629 729 790 790 Litterulae
813 748 897 788 meae
913 727 974 788 sive
997 740 1115 790 nostrae
1141 750 1157 788 2

156 819 202 880 tui
225 817 373 880 desiderio
396 821 631 897 oblanguerunt;
666 821 723 878 hac
744 828 845 877 tamen
861 816 996 894 epistula,
1020 837 1111 893 quam

156 913 289 970 Acastus
311 908 419 986 attulit,
443 910 546 969 oculos
572 910 694 986 paulum
718 908 908 967 sustulerunt.
954 907 1115 984 Pompeius

154 1007 222 1058 erat
238 999 319 1076 apud
334 1017 392 1070 me,
418 1017 484 1058 cum
508 999 582 1057 haec
597 997 774 1070 scribebam,
797 994 890 1054 hilare
909 1005 939 1056 et
961 997 1115 1071 lubenter;

155 1085 187 1146 ei
209 1085 341 1163 cupienti
363 1085 464 1146 audire
488 1098 591 1146 nostra
612 1085 674 1146 dixi
690 1083 800 1146 sinete
822 1083 922 1144 omnia
944 1103 1011 1144 mea
1034 1095 1117 1145 muta

152 1189 232 1236 esse·
274 1178 322 1235 Tu
337 1173 433 1235 Musis
456 1175 562 1235 nostris
584 1195 656 1252 para
678 1184 712 1234 ut
734 1192 839 1251 operas
861 1175 983 1234 reddas:
1016 1184 1141 1262 nostra¹

152 1265 198 1323 ad
222 1262 301 1324 diem
337 1263 446 1324 dictam
469 1266 564 1324 fient:
601 1262 690 1325 docui
718 1262 797 1322 enim
821 1272 859 1336 te,
895 1264 969 1322 fides
1000 1262 1117 1342 ἔτυμον

153 1353 240 1429 quod
270 1354 403 1414 haberet.
449 1355 508 1413 Fac
539 1355 628 1431 plane
658 1363 692 1413 ut
714 1353 821 1413 valeas.
870 1352 933 1412 Nos
963 1353 1114 1412 adsumuS.

156 1442 244 1502 Vale.
269 1459 347 1506 xuu.
393 1444 462 1503 Kal.

615 1614 674 1681 12.

469 1763 507 1838 Q.
534 1765 576 1822 M.
601 1763 757 1820 Fuuuuu
779 1761 809 1820 S.

205 1960 252 2016 De
271 1955 394 2029 Tirbne,
411 1954 453 2016 mi
476 1959 587 2031 Marce,
605 1955 647 2016 ita
669 1965 699 2016 te
715 1975 875 2032 meumque
894 1955 1071 2016 Cicerdnem
1089 1964 1119 2014 et
1146 1979 1159 2017 1

155 2065 256 2106 meam
275 2043 440 2106 Tullib‘lam
463 2055 610 2122 tuumque
633 2044 728 2105 filium
751 2044 879 2118 videam,
903 2055 936 2104 ut
959 2043 1032 2104 mihi
1054 2063 1117 2122 gra·

194 2256 222 2306 in
249 2257 277 2307 C.
302 2257 372 2310 Villa
397 2267 483 2324 presso
510 2257 610 2321 Cymae,
702 2257 818 2306 Acastus.
828 2256 937 2307 Schiavo
948 2255 974 2304 di
982 2254 1118 2305 Cicerone.

153 2329 224 2378 sulla
243 2336 313 2379 costa
333 2329 401 2378 della
419 2329 572 2393 Campania.

195 2400 252 2448 Iam
265 2416 317 2454 ecc.
328 2399 420 2450 Senso:
438 2400 509 2449 Oltre
523 2401 547 2448 ai
562 2401 611 2449 due

156 2471 244 2535 giorni
267 2472 293 2520 di
312 2472 422 2536 viaggio,
449 2471 497 2520 che
515 2471 550 2535 gli
569 2487 611 2520 sa-

155 2543 267 2592 rebbero
286 2543 384 2593 occorsi
397 2558 442 2606 per
454 2543 547 2591 recarsi
560 2542 612 2591 alla

159 2614 221 2662 villa
240 2613 267 2662 di
282 2615 372 2672 Cuma,
392 2613 489 2664 Tirone
502 2614 611 2662 avrebbe

158 2687 254 2735 dovuto
281 2693 410 2735 sosteuere
434 2686 517 2734 subito
542 2684 611 2749 dopo

156 2772 195 2805 un
206 2754 271 2806 altro
282 2756 385 2822 viaggio
394 2756 420 2804 di
426 2756 517 2820 diuque
527 2756 611 2820 giomi

159 2843 206 2892 per
216 2827 339 2877 ritoruare
351 2827 458 2892 aquella
468 2827 493 2875 di
501 2827 521 2874 F
522 2827 610 2876 ormie.

159 2899 183 2948 E
202 2899 259 2948 dice
277 2901 314 2947 ad
322 2898 440 2956 reditum,
460 2895 553 2963 perche
566 2898 612 2947 Ti·

155 2985 230 3032 rone,
250 2969 297 3018 che
311 2970 332 3019 si
345 2977 446 3020 trovava
465 2977 502 3019 tra
520 2969 545 3018 le
562 2969 613 3018 due

160 3039 230 3099 ville,
253 3042 363 3090 avrebbe
386 3041 479 3090 dovuto
502 3040 562 3089 rifar
586 3040 613 3088 la

158 3111 253 3162 strada,
273 3113 380 3162 Laonde
393 3113 430 3176 gli
448 3110 573 3176 cousiglia
587 3111 612 3160 di

157 3183 254 3233 recarsi
273 3183 410 3234 senz'altro
430 3183 462 3232 ad
475 3183 613 3248 aspettarlo

161 3253 189 3302 iu
208 3254 294 3318 quella
314 3255 340 3304 di
359 3253 470 3304 Formie.

197 3325 225 3372 in
244 3325 393 3375 Formiano.
407 3325 510 3374 Formie
523 3340 566 3374 era
577 3324 614 3373 vi·

157 3394 221 3444 eiua
240 3396 264 3445 al
283 3404 357 3461 porto
377 3397 403 3444 di
423 3395 514 3445 Gaetu.

197 3467 261 3515 volo.
280 3469 319 3517 uo
337 3475 423 3518 conto.

199 3549 224 3585 2.
245 3537 386 3589 litterulae
402 3553 477 3588 meac.
499 3537 521 3586 Il
540 3553 614 3588 seuso

158 3607 205 3658 del
224 3608 377 3660 diminutivo
396 3607 425 3660 e:
451 3610 512 3669 cari,
533 3608 616 3660 diletti

159 3679 240 3732 studi.

701 2334 782 2380 erat...
801 2328 944 2377 scribebam.
963 2326 1014 2376 cfr.
1031 2327 1081 2391 Ep.
1091 2335 1116 2388 5,

665 2407 728 2449 nota
748 2409 764 2446 2

702 2468 787 2518 omnia
808 2484 862 2517 mea
887 2475 959 2518 muta
982 2483 1040 2519 esse.
1063 2466 1120 2516 Che

666 2543 723 2593 tutti
736 2542 745 2590 i
757 2541 819 2591 miei
829 2541 895 2590 studi
908 2556 973 2590 sono
984 2540 1120 2590 interrotti.

701 2611 794 2662 Musis.
808 2611 876 2674 Qual
890 2612 971 2676 figura
984 2609 1118 2662 rettorica?

700 2689 798 2736 nostra,
812 2685 850 2733 Le
863 2683 914 2733 mie
929 2698 1066 2748 promesse.
1076 2682 1120 2732 Ci-

666 2769 758 2805 cerone
774 2755 889 2819 avevagli
903 2771 1034 2819 promesso
1047 2754 1073 2802 la
1087 2752 1120 2803 li·

665 2824 744 2888 berti,
765 2825 812 2875 che
824 2827 869 2891 poi
889 2825 973 2875 infatti
990 2825 1028 2890 gli
1041 2823 1119 2874 doud.

666 2899 700 2948 V.
717 2897 733 2946 l'
746 2899 794 2962 Ep.
813 2903 942 2962 seguente.

702 2967 800 3017 docui...
818 2968 889 3031 quaa'
903 2967 1010 3016 haberet.
1036 2968 1067 3017 T’
1079 2968 1120 3017 iu·

666 3040 755 3104 seguai
776 3039 801 3087 la
823 3039 991 3101 derivazione‚
1019 3038 1038 3086 1¹
1052 3039 1120 3090 eti·

667 3110 836 3174 mologia
863 3110 932 3159 della
959 3125 1022 3159 voce
1043 3110 1119 3174 fides.

667 3182 717 3232 Nel
736 3183 765 3229 dc
783 3181 868 3244 officiis
893 3180 947 3232 Cic.
967 3182 1041 3230 dice:
1067 3195 1119 3229 cre·

667 3254 766 3310 damus,
779 3253 840 3315 quia
849 3248 928 3312 fiat
944 3254 1014 3318 quad
1023 3253 1119 3301 dictum

668 3330 711 3381 est,
739 3323 891 3386 appellatam
912 3323 1000 3389 fidem.
1029 3326 1074 3374 Ma
1101 3323 1120 3371 il

668 3394 793 3445 vocabolo
808 3410 861 3444 uon
874 3395 933 3444 vien
947 3395 1032 3459 dafio,
1046 3391 1120 3444 bensi

669 3467 702 3515 da
725 3481 760 3516 un
782 3466 893 3516 radicale
919 3466 967 3517 che
985 3465 1122 3532 significa:

668 3538 778 3592 unire.
801 3536 913 3602 legare
934 3535 991 3600 (cfr.
1015 3533 1121 3602 fidum).

703 3609 761 3658 Nos
779 3608 908 3658 adsumus.
928 3608 1055 3674 Iperbole.

705 3675 760 3746 Ep·
791 3677 840 3733 12.
870 3679 962 3731 Scritta
991 3679 1124 3745 probabil-
