2788 4326
309 319 350 390 46
676 334 824 378 rarsruta
848 336 901 394 47.

258 478 282 518 a
308 460 538 522 excusationem.
585 464 693 522 Gratos
715 459 770 524 tibi
793 471 970 540 optatosque
994 479 1067 535 esse,
1086 460 1191 538 quide
1215 480 1265 521 me

307 569 441 610 rumores
471 553 639 622 afferuntur,
672 571 734 610 uon
764 550 878 623 dubito,
913 549 955 610 mi
985 549 1155 610 dulcissime
1181 549 1263 624 Tiro,

308 641 525 718 praestaboque
549 649 579 700 et
601 646 703 711 enitar,
722 651 755 700 ut
778 640 808 699 in
831 640 895 700 dies
911 639 1003 716 magis
1021 639 1173 717 magisque
1189 639 1265 698 haec

309 747 434 788 nascens
456 730 495 787 da
517 747 564 788 me
589 728 755 804 duplicetur
777 728 889 806 opinio.
937 731 1005 803 Qua
1027 748 1059 788 re
1089 729 1170 805 quod
1203 729 1266 805 pol·

309 816 406 878 licens
430 828 458 876 te
482 817 704 878 buccinatorenr
728 820 791 878 fore
814 816 1038 878 existimationis
1061 836 1153 889 meae,
1179 819 1266 877 firmo

311 906 342 966 id
365 905 573 982 constantique
595 905 696 966 animo
718 907 807 967 facias
829 906 918 968 licet:
957 916 1072 966 tantum
1097 904 1177 966 enim
1194 903 1268 966 mihi

262 1049 270 1064 ,
312 997 447 1055 dolorem
473 993 694 1071 cruciatumque
724 998 886 1057 attulerunt
917 1006 1012 1055 errata
1041 994 1144 1055 aetatis
1172 1014 1266 1069 meae,

312 1095 429 1144 utnon
460 1085 556 1143 solum
587 1083 704 1144 animus
733 1105 751 1143 a
782 1084 873 1157 factis,
903 1086 956 1143 sed
987 1105 1072 1143 aures
1102 1103 1222 1161 quoque
1252 1103 1270 1142 a

314 1171 596 1233 commemoratione
620 1175 808 1235 abhorreant.
856 1173 947 1234 Cuius
971 1186 1000 1233 te
1016 1171 1224 1232 sollicitudinis
1241 1183 1271 1232 et

314 1260 426 1320 doloris
441 1260 615 1339 participem
631 1260 720 1322 fuisse
736 1273 840 1322 notum
857 1264 1102 1339 exploratumque
1125 1272 1170 1321 est
1185 1261 1273 1334 mihi,·

313 1369 369 1409 nec
391 1349 423 1409 id
446 1350 563 1412 mirum.
622 1355 710 1422 Nam,
730 1369 798 1412 cum
829 1351 930 1411 omnia
960 1370 1027 1410 mea
1060 1370 1148 1411 causa
1179 1353 1271 1410 velles

313 1438 387 1498 mihi
404 1459 546 1515 successa,
563 1449 626 1500 tum
643 1440 731 1500 etiam
747 1451 814 1500 tua:
851 1438 964 1502 socium
980 1439 1060 1500 enim
1081 1451 1110 1500 te
1135 1459 1270 1500 meorum

266 1546 290 1604 3
316 1529 543 1588 commodorum
566 1547 683 1607 semper
706 1549 769 1589 esse
791 1529 883 1590 volui.
930 1528 1080 1604 Quoniam
1096 1528 1185 1606 igitur
1207 1538 1270 1588 tum

316 1637 353 1678 ex
368 1637 417 1676 nie
433 1617 561 1691 doluisti,
579 1637 659 1678 nunc
673 1629 707 1677 ut
722 1617 889 1696 duplicetur
900 1628 985 1678 tuum
1001 1638 1039 1677 ex
1055 1637 1104 1676 me
1120 1617 1269 1696 gaudium,

316 1708 482 1785 praestabo.
531 1706 673 1784 Cratippo
697 1727 745 1766 me
768 1707 843 1768 scito
866 1726 927 1766 nou
951 1718 984 1766 ut
1008 1706 1195 1784 discipulum,
1220 1707 1272 1766 sed

316 1806 350 1854 ut
371 1794 464 1854 filiurn
488 1815 551 1855 esse
575 1795 870 1857 coniunctissimum:
928 1816 997 1854 nam
1021 1816 1089 1855 cum
1121 1794 1211 1855 audio
1241 1793 1272 1853 il·

317 1887 379 1944 lum
404 1882 540 1954 libenter,
566 1894 630 1944 tum
654 1885 744 1944 etiam
768 1884 917 1964 propriam
941 1883 1005 1944 eius
1026 1884 1202 1944 suavitatem
1226 1902 1272 1943 ve·

316 1975 472 2032 hementer
494 1975 666 2051 amplector.
713 1976 785 2034 Sum
805 1985 884 2034 totos
901 1972 965 2034 dies
981 1994 1050 2034 cum
1066 1993 1102 2033 eo
1119 1973 1273 2050 noctisque

318 2080 405 2139 saepe
429 2081 553 2122 numero
577 2073 711 2140 partem:
751 2069 842 2124 exoro
866 2063 955 2135 enim,
981 2073 1015 2122 ut
1038 2081 1155 2122 mecum
1183 2081 1273 2139 quam

318 2150 488 2227 saepissime
511 2163 606 2211 cenet.
655 2154 721 2212 Hac
743 2152 912 2212 introducta
939 2151 1155 2212 consuetudine
1186 2170 1273 2228 saepe

318 2238 511 2299 inscientibus
527 2240 614 2300 nobis
630 2252 660 2300 et
675 2241 850 2301 cenantibus
865 2241 983 2319 obrepit
998 2243 1173 2316 sublataque
1194 2258 1273 2300 seve·

319 2327 404 2388 ritate
420 2328 627 2406 philosophiae
642 2329 854 2402 humanissime
871 2330 1028 2390 nobiscum
1044 2329 1167 2390 iocatur.
1209 2331 1276 2404 Qua

320 2435 352 2476 re
376 2418 415 2475 da
438 2437 568 2496 operam,
593 2429 626 2477 ut
648 2421 729 2480 hunc
751 2422 849 2492 talem,
876 2429 937 2479 tam
961 2418 1133 2490 iucundum,
1151 2428 1212 2478 tam
1228 2436 1275 2476 ex·

270 2523 296 2576 4
321 2506 477 2565 cellentem
501 2506 596 2567 virum
621 2507 722 2568 videas
745 2507 992 2586 quamprimum.
1034 2510 1110 2566 Nam
1128 2507 1202 2584 quid
1221 2525 1275 2583 ego

320 2595 358 2653 de
382 2595 496 2655 Bruttio
520 2595 627 2669 dicam,
659 2617 750 2672 quem
780 2599 863 2657 nullo
892 2607 1027 2674 tempore
1056 2617 1074 2655 a
1103 2615 1152 2654 me
1182 2594 1277 2674 patior

320 2682 493 2743 discedere?
538 2684 630 2744 Cuius
652 2706 721 2746 cum
744 2685 819 2764 frugi
851 2705 1010 2762 severaque
1042 2694 1087 2745 est
1115 2684 1183 2755 vita,
1215 2695 1277 2745 turn

321 2769 408 2830 etiam
432 2772 642 2833 iucundissima
666 2773 836 2835 convictio:
876 2795 937 2834 non
960 2786 1005 2834 est
1025 2773 1105 2834 'enim
1129 2774 1277 2834 seiunctus

320 2859 403 2921 iocus
423 2881 441 2920 a
464 2860 628 2942 φιλολογίᾳ
652 2873 681 2922 et
709 2862 858 2924 cotidiana
883 2863 1056 2945 συζητήσει.
1114 2863 1195 2923 Huic
1225 2881 1279 2940 ego

359 3121 383 3159 2.
419 3111 565 3161 Gratas....
597 3127 649 3160 non
679 3112 772 3160 dubito.
829 3109 905 3160 tetico
925 3110 957 3157 da
976 3108 1100 3166 Mitilene,
1124 3107 1172 3156 che
1191 3116 1279 3166 tenera

318 3180 403 3230 ¹Come
423 3184 549 3232 dovrebbe
569 3184 622 3232 dire
643 3184 773 3247 seguerido
828 3181 917 3231 scuola
936 3181 963 3228 in
983 3183 1072 3230 Atene.
1096 3221 1099 3231 .

322 3253 348 3301 la
366 3254 467 3302 sintassi
486 3255 620 3319 regolare?
858 3251 961 3314 obrepit.
968 3251 1050 3300 Viene
1061 3250 1112 3298 alla
1120 3250 1280 3308 chetichella,

350 3321 440 3384 facias
458 3326 515 3372 licet
531 3347 567 3367 =
576 3323 667 3386 facere
681 3332 760 3388 potes.
829 3324 990 3387 inaspettato.

358 3396 440 3445 velles.
466 3397 541 3447 Molti
567 3397 648 3447 critici
677 3403 775 3460 sospet·
864 3407 890 3454 4.
910 3391 1023 3440 Bruttio.
1038 3393 1125 3442 Costui
1144 3393 1280 3458 insegnava

323 3473 384 3515 tarro
404 3467 451 3516 che
470 3468 495 3516 le
513 3470 571 3518 voci
584 3468 647 3515 nrilri
663 3482 775 3515 successa
829 3465 855 3514 la
874 3465 992 3514 rettorica
1012 3463 1038 3511 in
1058 3466 1149 3513 Arene.
1169 3464 1220 3513 Dal
1239 3481 1282 3513 no·

320 3538 396 3587 siano
416 3555 467 3587 una
486 3539 578 3602 glossa.
831 3553 880 3596 me,
893 3536 915 3584 si
932 3545 1081 3599 argomenta
1097 3537 1144 3584 che
1164 3537 1231 3585 losse
1249 3551 1282 3584 un

361 3615 414 3657 tum
433 3616 464 3657 et.
484 3616 501 3657 t.
522 3612 562 3660 Sc.
581 3608 691 3658 voluisti.
830 3609 963 3664 Romauo;
984 3623 1027 3654 ma
1045 3607 1071 3655 di
1093 3607 1129 3655 lui
1154 3623 1207 3656 non
1226 3624 1281 3672 sap·

361 3691 385 3741 3.
407 3679 535 3744 Cratippo.
549 3680 664 3730 Filosofo
677 3680 777 3745 peripa·
800 3729 803 3736 ,
832 3680 919 3744 piamo
938 3678 1011 3728 altro.
