2788 4326
413 306 415 310 ’
497 333 645 380 srrsruns
670 340 777 398 30-31.

610 566 670 632 30.

345 771 347 776 .
440 711 591 772 CICERO
614 711 778 772 PLANCO
801 714 831 771 S.

206 908 369 984 Ogratam
392 909 501 966 famam
524 906 617 967 biduo
644 917 712 966 ante
738 905 892 967 victoriam
923 905 961 965 de
985 905 1117 967 subsidio

159 1007 223 1068 tuo,
248 997 287 1056 de
311 995 419 1069 studio,
444 999 482 1057 de
505 997 663 1066 celeritate,
690 996 728 1055 de
751 995 864 1073 copiisl
904 999 1004 1071 Atque
1029 995 1115 1054 etiam

159 1083 296 1145 hostibus
319 1085 391 1145 fusis
414 1105 481 1162 spes
504 1085 601 1145 omnis
631 1094 675 1145 est
703 1083 806 1144 inte:
842 1083 950 1162 fugisse
977 1084 1057 1144 enim
1081 1104 1117 1143 ex

157 1173 274 1252 proelio
297 1174 460 1234 Mutinensi
489 1173 626 1235 dicuntur
656 1173 801 1233 notissimi
830 1175 980 1234 latronum
1003 1174 1114 1246 duces;

158 1272 205 1324 est
231 1274 331 1322 autem
363 1282 425 1322 non
455 1263 555 1323 minus
584 1275 698 1341 gratum
726 1272 856 1322 extrema
886 1264 995 1337 delere,
1027 1281 1116 1338 quam

154 1349 252 1430 prima
275 1353 435 1429 depellere.
481 1352 630 1430 Equidem
655 1354 863 1429 exspectabam
885 1351 944 1410 iam
960 1362 1026 1410 tuas
1041 1350 1116 1410 litte·

158 1460 215 1514 ras,
248 1440 339 1518 idque
362 1459 431 1501 curn
462 1441 569 1513 multis,
603 1443 818 1518 sperabamque
849 1439 937 1499 etiam
967 1441 1115 1517 Lepidum

156 1529 201 1590 rei
232 1529 370 1608 publicae
400 1530 585 1607 temporibus
611 1529 798 1589 admonitum
829 1539 929 1589 tecum
960 1549 976 1587 e
1003 1549 1034 1588 re
1065 1549 1117 1606 pu-

158 1619 240 1680 blica
263 1639 326 1678 esse
350 1621 506 1680 facturum.
552 1623 587 1679 ln
611 1619 691 1678 illam
722 1617 810 1696 igitur
837 1637 936 1678 curam
967 1618 1116 1689 incumbe,

158 1707 202 1767 mi
223 1709 343 1782 Plance,
375 1719 409 1766 ut
431 1727 470 1767 ne
493 1727 569 1784 quae
593 1707 718 1768 scintilla
747 1706 907 1768 taeterrimi
937 1705 1009 1767 belli
1032 1707 1118 1766 relin-

159 1806 277 1873 quatur.
324 1796 460 1872 Quodsi
482 1796 536 1856 erit
558 1800 677 1868 factum,
703 1807 733 1856 et
755 1817 818 1857 rem
841 1795 992 1874 publicam
1015 1795 1118 1854 divino

162 1885 310 1947 beneficio
333 1885 463 1946 affeceris
486 1896 516 1946 et
532 1885 594 1964 ipse
617 1897 774 1946 aeternam·
784 1884 906 1964 gloriam
926 1891 1116 1962 consequere.

157 1975 197 2036 D.
222 1993 264 2034 111.
290 1977 370 2035 Non.
396 1974 467 2036 Mai.

610 2166 671 2232 31.

479 2312 630 2373 CICERO
652 2311 798 2371 PAETO.

205 2506 280 2566 Heri
307 2507 377 2567 veni
403 2507 435 2568 in
462 2508 641 2580 Cumanum,
673 2527 735 2568 cras
758 2509 796 2567 ad
819 2518 849 2567 te
879 2509 1010 2567 fortasse.
1056 2507 1117 2567 Sed

162 2614 231 2656 cum
258 2607 373 2657 certum
404 2596 503 2670 sciam,
536 2595 640 2657 faciam
672 2605 702 2654 te
732 2598 822 2673 paulo
854 2607 923 2656 ante
951 2595 1115 2657 certiorem.

196 2820 611 2890 Ep280.DaRoma,l’anno711.

198 2910 220 2946 1.
230 2897 373 2945 victoriam.
386 2896 480 2946 Allude
494 2896 544 2944 alla
559 2897 612 2945 bal·

162 2968 241 3033 taglia
260 2969 286 3017 di
305 2969 426 3025 Modena,
448 2967 518 3017 nella
537 2967 612 3032 quale

160 3040 250 3089 Marco
262 3040 377 3090 Antonio
390 3039 417 3088 fu
429 3038 548 3088 scontitto
560 3039 612 3102 pri-

160 3127 203 3160 ma
223 3125 316 3160 ancora
330 3110 378 3160 che
390 3111 487 3160 Planco
503 3112 610 3170 venisse,

157 3198 231 3232 come
256 3181 274 3231 ε’
286 3199 329 3231 era
354 3198 439 3232 mosso
462 3199 477 3230 a
502 3181 561 3238 saue,
584 3181 611 3229 in

159 3253 269 3303 sussidio
288 3254 315 3302 di
334 3255 420 3303 Bruto.

196 3331 279 3388 atque.
299 3327 342 3374 Ha
361 3340 435 3374 senso
455 3324 610 3373 avversativo

159 3411 174 3444 e
192 3397 348 3446 concessivo.

192 3467 325 3518 notissimi.
345 3466 510 3532 Famigerati.

194 3540 327 3587 latronum
347 3540 429 3589 duces.
445 3537 610 3602 Espressione

160 3608 300 3674 ingiuriosa
323 3627 368 3676 per
391 3609 505 3658 indicare
525 3609 533 3657 i
553 3610 611 3675 capi

157 3681 201 3730 del
219 3683 313 3747 partito
333 3681 482 3732 avversario.

703 2837 727 2876 2.
747 2826 878 2889 Lepidum.
898 2829 934 2875 M.
954 2825 1049 2876 Emillo
1069 2829 1117 2876 Le·

666 2897 736 2962 pido.
756 2900 826 2947 Poco
845 2899 914 2963 dopo
933 2899 1074 2961 conglunse
1093 2898 1117 2946 le

666 2984 711 3018 sue
730 2969 823 3017 milizie
843 2984 893 3018 con
917 2969 1002 3032 quelle
1021 2969 1047 3017 di
1065 2971 1118 3018 An·

666 3039 746 3100 tonio,
767 3057 781 3088 e
800 3038 883 3089 formo
905 3055 954 3089 con
976 3040 1012 3088 lui
1034 3055 1116 3088 econ

666 3111 804 3161 Ottaviano
832 3111 851 3159 il
881 3111 1037 3160 triumvirato
1069 3109 1116 3159 che

665 3183 802 3247 proscrisse
820 3181 953 3231 Cicerone.

700 3260 732 3300 ut
748 3269 787 3301 nc.
807 3254 834 3303 si
860 3269 904 3302 usa
923 3269 1010 3318 spesso
1034 3259 1065 3300 ut
1086 3267 1117 3299 ne

665 3324 709 3389 pel
726 3324 783 3373 solo
801 3339 833 3371 ne
858 3327 960 3389 quando
985 3339 1062 3388 segue
1082 3339 1116 3371 un

666 3411 738 3460 pron.
759 3394 928 3445 indefinitivo.

702 3467 840 3528 affeceris...
850 3481 1006 3528 consequere.
1020 3466 1116 3530 Spiega

665 3537 691 3587 la
709 3537 845 3587 differenza
862 3538 904 3586 del
923 3546 1017 3601 tempo.

700 3605 755 3674 Ep.
775 3604 822 3661 81·
847 3608 994 3658 Dell'anno
1018 3605 1076 3670 708,
1098 3607 1116 3658 il

665 3688 696 3743 ²5
718 3687 816 3748 agosto.
