2788 4326
473 350 621 392 rarsruua
648 355 756 410 4o·4r.
1054 358 1093 416 33

138 474 231 536 nobis
254 477 385 536 futurum
409 487 504 554 putes.
550 476 599 538 Sic
622 476 702 538 enim
726 477 781 538 tibi
802 480 980 556 persuadeas
995 479 1094 554 velim,
1121 500 1140 554 4

139 584 235 625 unum
260 563 335 624 mihi
358 585 422 626 esse
445 564 598 640 solacium,
622 587 735 643 quare
758 567 871 628 facilius
893 567 1004 646 possim
1036 568 1097 646 pati

138 665 171 714 te
195 673 259 715 esse
284 653 347 714 sine
371 654 467 728 nobis,
493 654 516 714 si
540 655 594 715 tibi
618 676 682 716 esse
705 655 736 716 id
759 659 962 717 emolumento
986 656 1074 718 sciam
1087 675 1096 734 ;

137 743 185 802 sin
209 754 310 802 autem
333 741 364 803 id
388 764 450 804 non
473 755 526 816 est,
544 743 618 804 nihil
642 747 760 806 duobus
783 745 870 806 nobis
894 757 939 806 est
957 745 1095 806 stultius:

136 853 197 906 me,
222 832 327 909 quite
356 853 418 893 non
447 837 578 893 Romam
609 837 764 907 attraham,
796 846 834 907 te,
866 834 918 912 qui
945 855 1007 895 non
1037 837 1097 896 huc

136 921 272 981 advb‘les.
319 923 389 982 Una
411 923 581 983 mehercule
604 932 705 982 nostra
727 926 775 983 vel
794 944 896 984 severa
918 926 965 984 vel
995 923 1096 985 iocosa

136 1008 309 1088 congressio
343 1011 436 1088 pluris
470 1011 525 1070 erit
558 1032 648 1088 quam
684 1031 745 1072 non
779 1014 871 1072 modo
903 1015 1011 1088 hostes,
1041 1014 1096 1073 sed

135 1098 227 1160 etiarn
252 1101 356 1159 fratres
378 1099 472 1160 nostri
497 1099 604 1160 Aedui.
644 1104 766 1178 Quare
789 1101 929 1161 omnibus
952 1104 990 1161 de
1005 1104 1095 1162 rebus

135 1190 191 1263 sac,
217 1198 362 1265 utquam
386 1188 515 1266 primum
539 1189 650 1250 sciam:

236 1335 302 1392 Aut
323 1335 500 1392 consolando
523 1341 578 1391 aut
598 1338 718 1394 consilio
740 1342 795 1393 aut
817 1355 849 1393 re
872 1338 982 1395 iuvere.

563 1595 564 1598 ’
582 1598 637 1662 41.

393 1740 545 1802 CICERO
569 1738 777 1799 TREBATIO
801 1740 831 1799 S.

177 1969 268 2044 Vide,
286 1969 389 2046 quanti
404 1971 486 2048 apud
501 1990 550 2031 me
566 1969 619 2046 sis;
660 1970 715 2031 etsi
729 1970 792 2031 iure
809 1971 839 2030 id
855 1971 993 2049 quidem:
1030 1994 1092 2034 non

133 2059 215 2120 enim
240 2070 269 2119 te
293 2077 394 2119 amore
417 2059 514 2121 vinco.
559 2063 673 2120 Verum
704 2071 805 2120 tamen
835 2062 917 2138 quod
944 2061 1093 2138 praesenti

132 2149 190 2210 tibi
211 2167 307 2227 prope
330 2149 536 2226 subnegaram,
554 2168 616 2210 non
632 2149 793 2209 tribueram
816 2161 904 2223 certe,
922 2149 953 2209 id
972 2151 1090 2213 absenti

133 2239 248 2299 debere
269 2256 333 2297 non
357 2237 462 2314 potui;
502 2238 609 2314 itaque,
635 2249 668 2298 ut
690 2238 819 2316 primum
842 2239 929 2300 Velia
950 2240 1089 2318 navigare

132 2327 232 2406 coepi,
257 2325 371 2386 institui
393 2328 511 2405 Topica
532 2326 711 2387 Aristotelea
736 2327 932 2401 conscribere,
957 2331 996 2389 ab
1025 2329 1090 2406 ipsa

132 2418 209 2476 urbe
233 2416 435 2476 commonitus
465 2414 666 2478 amantissima
696 2415 748 2477 tui.
795 2419 872 2476 Eum
898 2417 1006 2478 librum
1034 2418 1089 2478 tibi

161 2643 188 2690 4.
198 2627 301 2692 fratres
315 2629 406 2676 nostri.
420 2629 509 2678 Titolo
522 2645 583 2679 con·

127 2715 201 2749 cesso
220 2699 272 2763 agli
289 2700 355 2749 Edui
378 2700 420 2748 dal
440 2701 535 2751 Senato
555 2703 583 2750 in

126 2771 291 2836 ricompensa
300 2771 342 2821 dei
352 2771 407 2821 loro
417 2772 517 2836 servigi.
529 2773 581 2823 cfr.

127 2843 210 2892 Cass.
229 2841 262 2891 B.
286 2842 314 2891 G.
337 2854 359 2903 r,
380 2854 423 2905 33.
443 2853 465 2890 2.

164 2915 247 2966 Aut...
256 2913 355 2961 iuvere.
364 2914 493 2963 Trimetro
500 2914 580 2978 giam·

125 2983 196 3042 bico,
216 2985 295 3034 citato
314 2984 375 3033 dall'
386 2985 580 3034 Heautontimo-

125 3053 249 3104 ramenos
267 3056 294 3104 di
312 3055 445 3105 Terenzio.

163 3123 219 3192 Ep.
248 3121 294 3178 41·
322 3126 492 3191 Dell'agosto
521 3137 580 3190 710.

128 3197 222 3249 Ucciso
242 3197 343 3260 Cesare,
366 3199 491 3248 Cicerone
510 3197 582 3264 fuggl

127 3269 162 3317 da
180 3271 273 3328 Roma,
296 3269 328 3318 ed
348 3285 425 3318 aveva
448 3270 474 3318 in
495 3270 582 3320 animo

127 3340 155 3389 di
179 3341 274 3388 andare
300 3340 326 3388 in
349 3341 444 3394 Sicilia.
470 3343 518 3392 Per
541 3339 582 3391 cib

127 3411 182 3460 fare
200 3412 222 3460 si
237 3407 296 3460 reno
313 3412 346 3461 da
364 3411 440 3462 Velia
454 3429 468 3460 a
481 3413 582 3478 Reggio

122 3478 167 3546 (di
185 3479 325 3544 Calabria),
352 3499 366 3532 e
388 3483 420 3531 da
444 3485 544 3548 Reggio
568 3500 582 3532 a

127 3553 254 3603 siracusa.
265 3550 344 3619 Salpo
358 3554 390 3603 da
401 3554 525 3617 siracusa,
540 3571 583 3604 ma

126 3623 154 3672 la
172 3631 297 3690 tempesta
322 3640 352 3675 ve
378 3626 404 3674 lo
423 3627 544 3690 respinse,
566 3642 581 3675 e

123 3695 161 3744 'da
180 3696 297 3747 Siracusa
317 3693 392 3746 torni>
410 3713 426 3746 a
444 3699 536 3746 Roma.

680 2629 758 2678 Velia.
779 2630 848 2680 Sulle
867 2637 937 2680 coste
950 2631 1018 2680 della
1037 2634 1087 2682 Lu-

638 2702 720 2750 cania.

672 2772 847 2820 amantissima
866 2773 911 2822 tui.
932 2775 1010 2823 Forse
1024 2776 1088 2824 Tre·

637 2844 710 2893 bazio
735 2845 759 2892 vi
784 2860 863 2893 avena
890 2845 946 2894 suoi
971 2846 1086 2909 possedi·

636 2916 716 2964 menti
735 2931 751 2964 0
770 2916 795 2964 vi
818 2915 949 2965 dimorava
971 2917 999 2965 in
1018 2925 1087 2968 certe

635 2986 755 3050 stagioni.

673 3057 776 3119 Topica.
795 3057 963 3108 L'occasione
982 3058 1028 3109 che
1047 3060 1086 3108 in·

636 3129 710 3178 dusse
719 3129 843 3178 Cicerone
857 3145 871 3178 a
881 3130 988 3179 scrivere
996 3139 1086 3195 questo

636 3199 746 3258 libretto,
755 3199 802 3248 che
813 3215 905 3249 ancora
913 3203 1084 3265 possediamo,

637 3270 663 3319 su
673 3271 698 3318 la
708 3279 829 3335 seguente
840 3273 963 3326 (secondo
973 3272 1020 3322 che
1034 3273 1085 3338 egli

635 3351 714 3391 stesso
739 3358 812 3390 narra
838 3343 1008 3394 nell¹esordio
1032 3344 1086 3392 del·

636 3409 792 3477 l'operetta):
813 3415 854 3464 Un
867 3415 967 3477 giorno,
981 3414 1028 3464 che
1041 3415 1084 3464 Ci-

636 3499 728 3532 cerone
748 3500 762 3532 e
774 3485 899 3534 Trebazio
912 3485 933 3534 si
946 3494 1084 3535 trovavano

635 3555 743 3604 insieme
766 3555 835 3604 nella
857 3555 995 3606 biblioteca
1016 3556 1085 3606 della

636 3626 698 3675 villa
708 3627 861 3689 Tusculana,
876 3628 1062 3678 osservandone
1075 3629 1084 3678 i

634 3698 701 3756 libri,
713 3714 727 3746 a
737 3699 861 3749 Trebazio
871 3715 953 3748 venne
962 3708 1000 3750 tra
1007 3716 1083 3750 mano

944 3837 960 3889 3
