2788 4326
489 369 637 410 nursrunn
662 355 771 431 35·36.
1069 373 1106 429 27

147 492 297 557 scribam:
332 504 448 554 nostras
470 492 550 553 enim
566 514 612 554 res
627 491 658 554 in
677 493 750 554 actis
772 492 895 572 perferri
917 495 957 554 ad
982 503 1011 554 te
1028 505 1109 554 certo

148 581 220 656 scio,
252 594 317 643 tuas
347 594 447 643 autem
477 583 668 661 ignoramus:
712 593 865 660 tamquam
900 582 979 643 enim
1008 585 1108 644 clausa

148 670 186 730 sit
210 670 291 746 Asia,
322 671 364 733 sic
393 671 466 732 nihil
489 673 634 750 perfertur
662 674 701 734 ad
735 691 790 732 nos
830 683 945 750 praeter
976 691 1110 732 rumores

148 761 188 820 de
217 779 360 839 oppresso
391 763 558 835 Dolabella,
591 760 661 822 satis
685 761 753 821 illos
776 760 898 838 quidem
927 770 1108 835 constantes,

149 850 203 910 sed
227 851 326 911 adhuc
348 848 412 910 sine
435 862 565 911 auctore.
613 853 685 924 Nos,
710 851 878 912 confectum
903 851 1014 909 bellum
1038 869 1107 910 cum
1135 869 1155 908 a

148 949 330 1017 putaremus,
361 950 484 1017 repente
507 959 525 998 a
551 937 667 1017 Lepido
691 950 743 998 tuo
769 937 801 998 in
831 941 977 999 summam
1005 937 1110 1000 sollici·

149 1028 285 1088 tudinem
309 1047 411 1088 snmus
433 1027 576 1089 adducti:
616 1027 717 1105 itaque
752 1027 806 1088 tibi
831 1029 986 1105 persuade
1021 1026 1110 1087 maxi·

150 1137 230 1176 mam
254 1116 297 1177 rei
320 1116 457 1195 publicae
488 1136 572 1194 spem
596 1115 628 1176 in
658 1127 687 1177 te
716 1116 799 1177 etin
829 1117 888 1176 tuis
910 1115 1004 1194 copiis
1036 1135 1109 1179 esse.

149 1205 266 1266 Firmos
282 1211 406 1266 omuino
422 1204 565 1266 exercitus
580 1207 735 1279 habemus,
755 1207 807 1266 sed
823 1216 932 1275 tamen,
951 1216 984 1265 ut
1000 1205 1110 1279 omnia,

150 1306 184 1354 ut
199 1314 297 1372 spero,
317 1314 458 1373 prospere
474 1296 647 1372 procedant,
672 1297 798 1354 multum
815 1294 937 1355 intErest
952 1294 1110 1356 tevenire.

150 1383 267 1462 Exigua
290 1383 369 1444 enim
393 1403 461 1461 spes
485 1395 530 1444 est
552 1382 595 1443 rei
617 1383 776 1462 publicae:
815 1403 884 1444 nam
913 1386 1027 1444 nullam
1050 1403 1135 1468 non*

149 1471 225 1533 libet
261 1472 360 1533 dicere
373 1491 380 1548 ;
429 1474 491 1542 sed,
521 1492 728 1550 quaecumque
755 1482 808 1546 est,
841 1493 877 1533 ea
909 1474 1112 1551 despondetur

150 1581 231 1622 anno
255 1564 425 1622 consulatus
447 1561 497 1623 tui.
548 1563 630 1621 Vale.

605 1770 667 1836 36.

279 1987 283 1996 ,
350 1918 502 1978 cronno
525 1916 665 1978 Aorno
688 1915 857 1976 procos.
883 1917 914 1980 s,

195 2115 230 2175 L.
248 2110 377 2172 Manlius
393 2122 438 2172 est
458 2110 548 2172 Sosis.
585 2114 614 2171 Is
637 2108 691 2169 fuit
707 2107 884 2185 Catinensis,
909 2111 963 2170 sed
986 2120 1030 2170 est
1051 2129 1111 2170 una
1139 2131 1153 2171 1

151 2221 220 2263 cum
235 2200 356 2278 reliquis
379 2199 584 2279 Neapolitanis
607 2198 678 2261 civis
693 2201 849 2259 Romanus
868 2200 962 2260 factus
978 2199 1112 2260 decurio·

445 2310 474 2341 ,.

190 2444 213 2482 1.
232 2445 285 2479 non
303 2430 374 2480 satis.
393 2431 486 2494 Litote,
500 2431 548 2482 che
560 2430 601 2480 val
674 2409 871 2494 despondetur.
890 2430 913 2478 E
931 2444 1063 2493 promessa
1075 2434 1112 2469 --’

152 2503 225 2570 quasi
247 2510 343 2568 quanto
362 2502 436 2557 nihil.
565 2549 567 2554 ,
658 2501 832 2566 econgiunta
851 2520 886 2540 =
912 2500 1031 2564 dipende.
1057 2501 1111 2550 Me-

187 2576 215 2624 in
233 2575 304 2622 actis.
323 2573 375 2624 Cfr.
395 2575 443 2639 Ep.
464 2586 496 2637 27
517 2571 534 2639 §
556 2586 577 2622 1.
659 2575 742 2625 tafora
761 2572 825 2622 tolta
844 2571 917 2636 dagli
936 2571 1058 2636 sponsali.

187 2647 217 2694 de
227 2651 345 2709 oppresso
354 2645 389 2693 D.
400 2645 545 2708 Dolabella,
557 2644 605 2694 che

151 2719 235 2784 prima
252 2716 418 2781 parteggiava
431 2733 477 2781 per
488 2716 525 2781 gli
537 2717 605 2765 ucci-

151 2789 203 2839 sori
221 2789 248 2837 di
266 2787 367 2845 Cesare,
387 2788 414 2836 fu
426 2788 471 2852 poi
490 2793 565 2837 tratto
579 2787 604 2836 al

152 2861 246 2925 partito
272 2858 401 2908 contrario
427 2859 460 2907 da
482 2859 603 2917 Antonio,

152 2931 200 2981 che
219 2930 256 2995 gli
275 2931 350 2979 diede
369 2929 387 2978 il
405 2945 518 2994 governo
538 2929 606 2979 della

152 3002 225 3060 Siria,
240 3019 255 3050 a
266 3002 307 3050 cui
321 3001 436 3065 aspirava
450 2998 531 3050 anche
545 3002 605 3052 Cas·

152 3075 199 3124 sio.
210 3073 234 3120 N
237 3072 261 3122 el
271 3084 305 3134 43
314 3073 403 3123 Cassio
413 3069 528 3137 espugnd
539 3074 605 3122 Lao-

153 3145 235 3203 dicea,
251 3160 265 3193 e
279 3143 424 3201 Dolabella,
438 3159 484 3208 per
498 3159 550 3194 non
564 3159 606 3192 ca·

153 3217 212 3266 dere
225 3214 294 3264 nelle
306 3230 351 3264 sue
364 3215 441 3276 mani,
461 3214 482 3263 si
495 3215 550 3265 fece
563 3230 606 3264 uc·

153 3288 239 3337 cidere
258 3287 290 3335 da
309 3301 344 3334 un
363 3286 471 3336 soldato.

189 3359 244 3406 sine
262 3363 373 3407 auctore.
396 3357 457 3407 Non
476 3357 605 3420 autentici,

154 3445 208 3479 non
228 3427 341 3478 officiali.

191 3511 214 3548 2.
235 3500 336 3563 Lepido.
356 3498 445 3549 Costui
458 3515 535 3548 aveva
547 3516 607 3565 spo-

155 3580 209 3621 sata
228 3587 279 3620 una
292 3570 436 3620 sorellastra
455 3571 481 3619 di
494 3571 530 3619 M.
545 3569 607 3620 Giu-

158 3642 201 3691 nio
220 3641 307 3692 Bruto.
327 3642 374 3694 Un'
382 3641 446 3691 altra
463 3641 607 3691 sorellustra

158 3713 184 3761 di
197 3714 274 3764 Bruto
287 3729 330 3764 era
349 3713 466 3764 maritata
482 3729 497 3762 a
509 3712 607 3767 cassio.

694 2643 750 2710 llp.
770 2639 817 2693 36.
837 2645 879 2693 Da
901 2645 992 2705 Roma,
1016 2658 1069 2692 non
1088 2643 1111 2692 si

657 2733 686 2766 sa
711 2717 739 2765 in
763 2716 839 2780 quale
865 2731 942 2775 anno,
964 2714 1049 2763 Acilio
1068 2729 1112 2763 era

658 2787 810 2854 proconsole
822 2787 849 2835 in
859 2786 956 2848 Sicilia,
967 2785 1009 2834 nel
1024 2792 1112 2850 tempo

659 2860 707 2910 che
726 2859 826 2917 Cesere,
846 2858 871 2907 al
885 2857 926 2906 cui
945 2857 1038 2921 partito
1052 2857 1110 2906 ade·

659 2931 721 2992 riva,
732 2946 775 2979 era
785 2929 933 2994 impeguato
943 2928 1013 2977 nella
1021 2943 1112 2992 guerra

660 3003 683 3051 d’
691 3002 785 3053 Africa.

699 3085 721 3122 1.
745 3071 776 3122 L.
802 3070 841 3120 M.
868 3076 905 3120 est
929 3073 955 3122 S.
980 3070 1014 3120 Vi
1039 3064 1054 3117 ὲ
1077 3085 1114 3118 un

659 3153 729 3194 certo
749 3158 802 3193 ecc.
821 3143 844 3191 Il
858 3149 925 3193 terzo
945 3157 1021 3192 nome
1040 3139 1055 3190 ὲ
1074 3142 1112 3192 Si·

660 3216 756 3265 ciliano
774 3231 790 3263 o
810 3213 901 3264 Greco.
1038 3225 1039 3230 ’

699 3285 850 3344 Catinensis,
871 3285 917 3334 sed
938 3301 990 3336 ecc.
1015 3286 1054 3334 La
1073 3283 1114 3332 lex

662 3357 731 3407 Iulia
750 3355 803 3419 (del
816 3368 851 3417 90
866 3373 903 3406 av.
919 3353 973 3420 Cr.)
992 3371 1114 3405 concesse

661 3429 686 3478 la
705 3428 875 3478 cittadinanza
894 3443 1000 3476 romana
1022 3444 1037 3476 a
1056 3425 1114 3476 tutti

661 3501 670 3550 i
685 3500 737 3549 soci
751 3515 765 3548 e
779 3498 872 3560 Latini,
887 3499 935 3547 che
948 3499 1031 3564 prima
1044 3497 1114 3546 della

661 3570 871 3637 promulgazione
900 3571 926 3618 di
955 3586 1011 3618 essa
1038 3569 1114 3633 legge

662 3658 740 3691 erano
760 3642 876 3691 cittadini
888 3639 965 3690 d'una
985 3638 1045 3690 cittis
1064 3639 1113 3688 d'l-

662 3713 740 3775 talia;
761 3713 786 3762 la
803 3713 878 3778 legge
903 3712 1011 3763 Plautia
1030 3730 1044 3762 e
1063 3711 1114 3759 Pa·

696 3803 712 3830 Ο
