2788 4326
507 313 656 356 missum
682 314 791 375 52-53.
1088 314 1125 376 55

171 437 276 515 ibique
298 457 354 516 pro
377 457 412 498 ea
435 437 529 516 copia,
554 459 630 516 quae
654 439 780 498 Athenis
803 441 985 512 cratianus
1008 437 1036 498 ei
1059 438 1129 498 satis

169 529 304 606 amplum
328 525 499 588 faciendum
525 528 635 590 curavi.
681 521 731 588 Ab
755 527 997 600 Atheniensibus,
1026 529 1126 587 locum

91 679 97 690 ,
169 618 341 694 sepulturae
363 615 440 676 intra
455 618 560 677 urbem
583 627 617 676 ut
632 618 745 690 darent,
766 617 923 694 impetrare
947 637 1008 676 non
1032 616 1125 693 potui,

168 707 254 782 quod
277 703 421 783 religione
444 725 476 764 se
499 705 637 784 impediri
660 705 812 780 dicerent;
851 725 949 782 neque
972 716 1073 764 tamen
1096 705 1128 764 id

168 805 260 854 antea
275 794 412 871 cuiquam
433 806 648 856 concesserant.
696 797 787 871 Quod
808 795 976 872 proximum
1000 793 1063 866 fuit,
1085 793 1128 854 uti

170 883 203 944 in
225 902 286 959 quo
308 885 453 943 vellemus
468 884 622 961 gymnasio
643 904 710 944 eum
735 884 935 962 sepeliremus
952 882 1041 944 nobis
1063 903 1128 960 per-

169 971 325 1033 miserunt.
374 975 438 1032 Nos
461 972 492 1032 in
515 971 701 1034 nobilissimo
724 973 791 1033 orbi
812 984 954 1033 terrarum
974 971 1128 1050 gymnasio

169 1061 353 1122 Academiae
375 1063 475 1122 locum
499 1061 663 1139 delegimus
686 1061 788 1139 ibique
808 1083 876 1122 eum
900 1061 1126 1134 combussimus

168 1161 336 1228 posteaque
359 1150 535 1224 curavimus
561 1161 594 1210 ut
622 1152 719 1214 eidem
744 1150 997 1211 Athenienses·in
1019 1152 1128 1210 eodem

168 1241 239 1300 loco
263 1250 493 1300 monumentum
518 1239 545 1298 ei
567 1255 766 1300 marmoreum
789 1239 957 1300 faciendum
984 1242 1126 1328 locarenp.

169 1331 224 1404 Ita,
259 1347 336 1406 quae
366 1339 467 1388 nostra
494 1329 591 1390 officia
621 1333 747 1402 fuerunt,
773 1350 828 1407 pro
859 1328 986 1406 collegio
1014 1339 1044 1389 et
1074 1348 1129 1405 pro

168 1415 391 1496 propinquitate
408 1427 438 1477 et
459 1417 529 1477 vivo
553 1429 582 1478 et
604 1429 723 1478 mortuo
747 1417 848 1501 omnia
868 1418 894 1478 ei
917 1417 1126 1498 praestitimus.

168 1508 256 1568 Vale.
302 1510 340 1568 D.
364 1527 408 1584 pr.
433 1509 502 1568 Kal.
527 1510 592 1567 Iun.
618 1507 753 1568 Athenis

558 1826 559 1829 Ἴ
620 1751 683 1816 53.

427 1917 598 1978 SERVIUS
623 1915 820 1976 CICERONI
843 1917 873 1978 S.

210 2133 423 2206 Posteaquam
446 2129 519 2189 mihi
540 2128 742 2189 renuntiatum
767 2140 812 2190 est
836 2130 874 2188 de
897 2127 982 2188 obitu
997 2127 1124 2204 Tulliae,
1138 2152 1167 2208 x1

163 2217 244 2279 filiae
266 2229 345 2293 tuae,
370 2238 440 2278 sane
464 2239 554 2296 quam
585 2238 639 2296 pro
663 2237 700 2278 eo
729 2239 764 2278 ac
787 2217 878 2278 debui
908 2215 1036 2296 graviter
1066 2238 1128 2278 mo·

165 2309 301 2385 lesteque
335 2308 389 2367 tuli
419 2327 670 2384 communemque
703 2326 769 2366 eam
803 2305 1000 2368 calamitatem
1032 2306 1128 2367 existi-

204 2522 284 2585 copia.
304 2522 393 2570 Mezzl.
676 2538 738 2570 rone
757 2521 805 2572 che
830 2539 908 2571 aveva
933 2519 997 2573 teste
1022 2523 1128 2589 perduta

205 2593 311 2656 quod...
335 2593 455 2640 dicerent.
473 2593 546 2642 Non:
567 2607 622 2656 per·
675 2593 700 2641 la
713 2593 829 2657 figliuola
843 2593 939 2654 Tullia,
958 2603 1040 2644 morta
1059 2595 1128 2644 nella

168 2661 217 2714 che
236 2665 377 2721 dicevan0;
403 2679 460 2711 ma:
484 2661 578 2728 perch'e
597 2664 622 2713 la
675 2664 1128 2718 villaTusculana.L'oratoreaveva

168 2735 304 2800 religione,
312 2751 385 2784 come
393 2735 525 2792 dicevano‚
537 2736 562 2784 lo
570 2736 622 2784 vie·
676 2736 739 2785 fatto
759 2736 871 2786 divorzio
885 2738 954 2786 dalla
968 2738 1064 2801 moglie
1077 2739 1128 2787 Te-

171 2814 230 2856 tava
246 2806 310 2856 loro.
331 2806 423 2871 Specie
436 2807 462 2855 di
476 2807 621 2856 attrazione.
675 2808 768 2864 renzia,
783 2824 797 2856 e
810 2817 912 2874 sposata
926 2808 1045 2866 Publilia,
1059 2809 1127 2858 ricca

168 2879 221 2928 Era
233 2887 347 2927 costume
367 2878 408 2926 dei
423 2879 534 2927 Romani
548 2879 574 2926 di
587 2878 619 2926 ri·
676 2877 807 2939 lanciulla,
834 2880 866 2927 da
886 2879 927 2928 cui
946 2889 1031 2944 presto
1050 2880 1071 2928 si
1090 2897 1128 2930 se·

168 2956 280 3014 speltare
300 2949 463 3014 dappertutto
476 2949 501 2997 le
514 2965 621 2998 consue-
676 2947 754 3015 paro:
771 2965 819 2999 con
833 2951 920 3000 Tullia
933 2951 1035 3013 dunque
1048 2952 1128 3016 eragli

169 3020 253 3070 tudini
272 3019 324 3068 ele
343 3020 465 3070 credenze
483 3020 561 3070 locali
581 3021 622 3070 dei
676 3029 795 3070 mancalo
808 3022 919 3070 l'ultimo
932 3022 1049 3070 conforto
1060 3017 1128 3071 della

169 3091 259 3158 popoli
280 3091 370 3140 aloto
389 3093 508 3156 soggetti.
677 3092 802 3156 famiglia¹
816 3091 863 3141 che
882 3093 900 3140 il
921 3093 992 3157 figlio
1012 3093 1127 3142 studiava

205 3161 268 3212 orbi.
287 3163 382 3212 Forma
401 3164 427 3212 di
447 3163 566 3212 locativo.
677 3164 704 3212 in
716 3163 806 3224 Amne,
827 3180 841 3213 e
860 3179 910 3212 con
923 3179 989 3230 poca
1002 3164 1126 3214 soddisfa-

206 3234 365 3282 Academiae.
378 3233 453 3283 Dove
467 3250 544 3283 aveva
557 3234 623 3283 inse·
676 3235 750 3282 zione
769 3233 812 3283 del
830 3236 917 3299 padre.

171 3312 251 3370 gnato
270 3304 387 3359 Platone.
716 3317 737 3353 1.
769 3320 829 3354 sane
862 3321 947 3369 quam.
978 3305 1127 3354 Incredibil-

206 3375 345 3439 collegium.
369 3375 506 3426 L¹astratto
527 3376 554 3424 di
575 3377 624 3424 col·
676 3383 769 3426 mente.
784 3377 873 3440 Questi
887 3377 936 3426 due
950 3375 1051 3426 avverbi
1064 3374 1127 3438 (for-

169 3446 225 3511 lega
244 3443 309 3512 (non
328 3447 355 3496 in
374 3463 449 3497 senso
472 3446 622 3509 collettivo).
678 3449 756 3496 manti
779 3462 813 3496 un
839 3455 956 3498 concetto
980 3447 1047 3507 solo)
1074 3463 1127 3496 non

189 3515 245 3582 Bp.
269 3513 319 3568 53.
345 3521 386 3569 Da
410 3518 502 3575 Atene,
526 3519 623 3576 l'anno
675 3517 763 3568 hanno
782 3519 908 3568 influenaa
929 3518 994 3568 sulla
1016 3519 1125 3568 sintassi.

171 3597 231 3653 709.
242 3590 332 3642 Servio
341 3589 468 3655 (Sulpicio
479 3591 623 3649 Ruso,con·
708 3595 759 3652 pro
778 3605 804 3638 eo
828 3585 899 3644 ac'd.
919 3591 1000 3642 Come
1021 3605 1064 3639 era
1083 3589 1127 3640 de·

169 3659 255 3712 fronta
279 3660 330 3727 Ep.
356 3660 399 3726 19)
422 3661 528 3712 consola
551 3661 623 3712 Cice·
675 3661 731 3711 bito
749 3661 811 3712 mio.
