2788 4326
479 349 627 394 mistura
653 335 759 411 25·26.

595 579 658 652 25.

138 729 180 791 D.
204 725 369 787 BRUTUS
393 728 475 787 IMP.
500 727 586 788 COS.
610 707 742 787 D‘ESIG.
765 729 797 786 S.
820 729 859 787 D.
884 728 1091 789 CICERONI.

187 922 218 983 si
241 924 279 984 de
309 934 361 983 tua
383 922 413 983 in
440 943 488 983 me
510 925 663 983 voluntate
693 921 868 997 dubitarem,
901 922 1001 984 multis
1027 935 1099 985 ate
1127 943 1142 983 r

136 1011 241 1074 ‘verbis
256 1022 398 1089 peterem,
412 1022 446 1072 ut
460 1011 634 1091 dignitatem
649 1032 747 1072 meam
758 1018 882 1086 tuerere,
900 1014 952 1072 sed
964 1015 1098 1091 profecto

135 1111 188 1162 est
200 1101 251 1175 ita,
276 1111 308 1161 ut
322 1101 396 1161 mihi
416 1100 555 1180 persuasi,
580 1121 628 1161 me
644 1101 700 1162 tibi
715 1120 779 1162 esse
796 1121 892 1163 curae.
924 1105 1099 1179 Progressus

139 1209 209 1252 sum
231 1192 270 1250 ad
292 1193 444 1268 Inalpinos
474 1210 543 1252 cum
570 1190 709 1265 exercitu,
740 1201 886 1251 nontam
913 1210 1025 1250 nomen
1047 1189 1101 1250 im-

139 1279 321 1359 peratorium
342 1290 472 1358 captans,
497 1298 588 1356 quam
603 1279 727 1358 cupiens
743 1279 886 1340 militibus
901 1278 971 1340 satis
993 1282 1100 1352 facere,

136 1371 303 1446 firmosque
326 1387 377 1429 eos
398 1370 438 1428 ad
468 1370 595 1429 tuendas
617 1379 733 1430 nostras
762 1388 808 1428 res
834 1370 962 1429 efficere.
1007 1369 1100 1444 Quod
1125 1390 1142 1428 π

139 1456 217 1519 mihi
238 1457 343 1518 videor
365 1468 562 1519 consecutus:
598 1478 668 1518 nam
691 1468 721 1518 et
739 1457 945 1517 liberalitatem
970 1469 1102 1518 nostram

138 1555 174 1606 et
196 1545 328 1607 animum
352 1566 418 1607 sum
441 1545 564 1624 experti.
611 1548 687 1609 Cum
712 1545 847 1609 omnium
870 1545 1101 1608 bellicosissimis

139 1637 257 1697 bellum
280 1635 377 1713 gessi3
413 1638 506 1696 multa
528 1638 648 1696 castella
663 1637 738 1715 cepi,
763 1636 856 1694 multa
872 1635 1003 1695 vastavi:
1038 1655 1102 1696 non

137 1723 208 1785 sine
229 1743 317 1785 causa
338 1727 378 1785 ad
401 1736 535 1786 senatum
559 1724 671 1786 litteras
693 1725 769 1786 misi.
815 1723 934 1784 Adiuva
964 1745 1020 1785 nos
1050 1735 1102 1784 tua

139 1813 310 1889 sententia;
346 1815 428 1892 quod
445 1834 513 1874 cum
529 1813 628 1890 facies,
653 1833 690 1874 ex
712 1833 820 1892 magna
843 1823 926 1891 parte
949 1813 1104 1874 communi

137 1904 307 1964 commodo
331 1901 508 1964 inservieris,

599 2112 661 2179 26.

234 2259 277 2319 M.
292 2256 452 2340 'CICERO
475 2259 513 2318 D.
537 2258 677 2318 BRUTO
701 2257 786 2319 COS.
811 2261 896 2320 DES.
922 2259 952 2319 S.
976 2263 1014 2322 D.

188 2453 253 2514 Etsi
280 2453 353 2514 mihi
382 2464 450 2514 tuae
484 2453 598 2514 litterae
629 2453 858 2516 iucundissimae
892 2466 967 2532 sunt,
1000 2469 1102 2518 tamen
1129 2477 1144 2515 1

138 2542 304 2606 iucundius
319 2542 382 2617 fuit,
408 2545 490 2621 qnod
514 2542 546 2602 in
566 2561 681 2603 summa
704 2544 898 2623 occupatione
919 2556 969 2606 tna
992 2549 1103 2609 Planco

183 2769 238 2840 Ep.
257 2767 305 2823 25.
325 2773 416 2825 Scritta
436 2774 468 2822 da
487 2773 597 2823 Decimo

140 2844 243 2896 Giunio
256 2846 333 2894 Bruto
344 2845 439 2895 Albino
452 2842 515 2909 (uno
529 2844 597 2909 degli

144 2916 256 2966 uccisori
269 2917 294 2964 di
308 2913 421 2980 Cesare),
435 2915 521 2965 l'anno
538 2925 596 2976 710,

143 2988 185 3038 sul
214 2987 272 3036 finir
300 2988 325 3036 di
354 2989 499 3045 novembre,
529 2987 599 3035 dalla

144 3075 192 3109 sua
211 3060 343 3123 provincia
356 3059 424 3107 della
437 3059 524 3108 Gallia
537 3059 599 3107 cite·

144 3131 221 3180 tiore.
240 3130 290 3180 cfr.
311 3131 359 3194 Ep.
381 3143 421 3193 34,
443 3142 466 3178 2⁴

184 3214 206 3249 1.
214 3200 357 3263 Inalpinos.
368 3201 466 3266 Popolo
474 3203 598 3250 abitatore

145 3272 214 3322 delle
222 3271 291 3337 Alpi,
303 3271 464 3322 menzionato
476 3273 557 3321 anche
565 3273 598 3321 da

144 3343 232 3394 Plinio
244 3344 263 3392 il
276 3343 388 3393 vecchio.
409 3344 456 3393 Per
473 3353 559 3393 tenere
573 3343 597 3392 le

143 3431 190 3464 sue
209 3416 279 3478 genti
299 3415 430 3464 esercitate
448 3432 463 3463 e
482 3415 508 3463 di
527 3416 597 3463 buon

141 3501 242 3547 umore,
261 3485 338 3536 Bruto
352 3501 435 3535 mosse
454 3484 597 3551 (probabil-

144 3563 232 3606 mente
244 3572 319 3606 senza
332 3559 427 3607 motivo
442 3573 458 3606 o
471 3571 520 3606 con
533 3557 596 3606 meri

142 3625 262 3692 pretesti)
287 3636 376 3679 contro
395 3645 410 3679 a
429 3629 488 3694 quei
510 3628 597 3678 miseri

148 3701 301 3749 montanari.

687 2789 728 2822 rer
746 2791 771 2823 n.
793 2775 814 2822 Il
833 2776 927 2841 partito
945 2777 1082 2826 senatorio.

689 2857 712 2892 2.
733 2846 770 2893 ad
784 2861 835 2895 sen.
852 2847 898 2895 litt.
919 2848 981 2896 miri.
998 2848 1106 2896 Mandai

654 2914 678 2965 al
697 2918 721 2967 S.
745 2932 796 2966 uua
814 2917 941 2968 relazione
961 2915 1000 2982 (in
1022 2918 1105 2968 forma

653 2987 784 3050 ulficiale).

690 3059 738 3106 Ad.
758 3075 804 3108 nos
816 3065 833 3108 t.
850 3076 870 3110 s.
889 3060 1063 3125 Appoggiami
1079 3059 1107 3110 in

653 3127 749 3180 Senato
777 3131 817 3180 col
847 3138 889 3180 tuo
919 3147 1007 3196 parere
1035 3129 1106 3196 (eloe

652 3202 764 3264 quando,
789 3203 897 3251 invitato
920 3202 963 3250 dal
990 3204 1105 3263 console,

653 3272 718 3320 dirai
738 3273 755 3321 il
776 3281 819 3322 tuo
838 3271 945 3338 parere).
969 3275 1105 3324 Probabil-

652 3349 738 3392 mente
757 3344 834 3393 Bruto
853 3345 1001 3393 desiderava
1020 3345 1068 3394 che
1086 3345 1104 3394 il

652 3415 747 3464 Senato
767 3416 908 3464 decretasse
932 3431 984 3465 una
1005 3417 1104 3479 suppli-

652 3485 716 3532 catr'o
737 3482 813 3549 (festa
839 3486 865 3534 di
889 3487 1104 3550 ringraziamento

652 3572 698 3621 per
716 3557 818 3607 vittorie
838 3554 971 3621 ottenute).

688 3623 743 3694 Ep.
757 3625 803 3681 26.
824 3629 865 3680 Da
877 3631 968 3692 Roma,
988 3629 1030 3678 nel
1046 3629 1106 3694 giu-

652 3715 704 3764 gno
725 3709 785 3763 711.
