2788 4326
376 361 524 406 errarunt
551 363 594 404 An
618 362 649 414 Q.
677 363 704 410 r.
750 363 820 408 car.
848 367 918 423 13„
1078 363 1120 426 97

163 488 271 553 vitium
295 506 363 548 cum
386 485 418 546 in
441 489 497 548 hac
519 487 633 566 privata
657 486 865 566 cotidianaque
881 487 943 548 vita
964 488 1039 549 levis
1058 507 1124 548 esse

162 576 260 642 animi
289 586 379 652 atque
408 575 517 636 infirmi
539 575 664 651 videtur,
696 587 759 636 tum
783 597 853 637 vero
884 577 958 638 nihil
989 587 1034 638 est
1060 587 1122 638 tam

164 671 300 732 deforme
316 684 405 743 quam
428 666 467 725 ad
483 684 633 726 summum
647 665 805 744 imperium
822 665 911 726 etiam
927 666 1121 728 acerbitatem

165 768 288 821 naturae
311 753 482 832 adiungere.
537 755 606 830 Qua
635 775 667 814 re
697 753 772 815 illud
801 775 863 815 non
886 753 1051 833 suscipiam,
1077 765 1119 829 ut,

165 864 244 926 quae
266 844 305 904 de
327 841 479 904 iracundia
502 841 562 904 dici
584 845 682 903 solent
704 843 915 904 adoctissimis
938 843 1120 918 hominibus,
1181 854 1184 859 ·

74 931 76 937 ’
164 956 203 999 ea
226 952 307 994 nunc
329 931 383 992 tibi
407 927 564 1010 exponim,
590 951 657 992 cum
683 941 713 992 et
738 931 826 992 nimis
849 936 955 1010 longus
981 953 1045 993 esse
1068 952 1123 992 uo·

166 1025 266 1086 limet
287 1040 324 1080 ex
337 1023 498 1081 multorum
522 1019 636 1098 scriptis
655 1039 690 1080 ea
704 1021 790 1082 facile
813 1021 909 1099 possis
924 1039 1121 1099 cognoscere;

166 1114 250 1183 illud,
283 1111 365 1186 quod
396 1120 441 1170 est
467 1109 609 1188 epistulae
640 1109 801 1187 proprium,
834 1121 868 1170 ut
898 1109 931 1184 is,
952 1112 1000 1170 ad
1031 1129 1121 1188 quem

165 1199 313 1271 scribitur,
338 1200 377 1259 de
400 1198 434 1259 iis
457 1201 555 1272 rebus,
580 1217 653 1275 quas
676 1197 801 1276 ignorat,
826 1197 932 1260 certior
957 1202 1015 1273 fiat,
1040 1217 1123 1276 prae·

165 1289 394 1353 termittendum
418 1307 480 1347 esse
505 1306 567 1347 non
590 1296 675 1364 puto.
723 1285 771 1348 Sic
793 1289 832 1347 ad
855 1307 911 1348 nos
935 1307 1039 1347 omnes
1060 1289 1122 1347 fere
1150 1299 1190 1373 38

165 1383 323 1442 deserunt:
362 1375 446 1450 nihil,
470 1396 538 1436 curn
563 1374 640 1436 absit
662 1374 824 1451 iracundia,
849 1376 948 1436 dicere
971 1379 1069 1436 solent
1092 1385 1122 1435 te

167 1467 232 1530 fieri
254 1484 342 1544 posse
364 1464 530 1538 iucundius,
556 1467 616 1538 sed,
647 1483 715 1525 curn
746 1476 776 1524 te
802 1463 925 1525 alicuius
947 1464 1122 1542 improbitas

167 1553 404 1637 perversitasque
427 1552 631 1627 commoverit,
649 1553 690 1614 sic
711 1547 748 1613 te
761 1553 861 1614 animo
884 1553 1006 1626 incitari,
1028 1564 1060 1612 ut
1083 1555 1122 1614 ab

166 1637 309 1707 omnibus
332 1652 383 1703 tua
403 1643 587 1702 desideretur
610 1641 786 1704 humanitas.
833 1644 901 1718 Qua
915 1662 957 1716 re,
978 1641 1121 1718 quoniam

166 1734 200 1796 in
223 1753 289 1794 eam
311 1729 457 1792 rationem
472 1730 548 1791 vitae
565 1749 620 1790 nos
643 1751 705 1791 non
728 1742 788 1790 tam
805 1730 950 1808 cupiditas
973 1731 1119 1807 quaedam

166 1821 287 1904 gloriae,
312 1840 403 1897 quam
426 1839 473 1879 res
504 1819 567 1896 ipsa
589 1840 625 1880 ac
647 1822 765 1880 fortuna
793 1819 924 1894 deduxit,
937 1830 983 1879 -ut
1014 1818 1120 1896 sempi-

165 1924 270 1974 ternus
293 1928 391 1970 sermo
410 1907 567 1969 hominum
589 1909 628 1968 de
643 1908 731 1968 nobis
747 1911 861 1969 futurus
884 1907 927 1982 sit,
953 1925 1119 1981 caveamus,

166 2010 314 2080 quantum
337 2000 453 2058 efficere
484 2007 514 2058 et
541 1997 683 2074 consequi
714 2017 878 2075 possumus
910 2007 943 2057 ut
969 2016 1007 2056 ne
1036 1996 1120 2075 quod

166 2091 199 2151 iu
215 2088 302 2150 nubis
317 2086 431 2165 insigne
447 2086 551 2146 vitium
574 2085 662 2145 fuisse
677 2085 800 2149 dicatur.
843 2089 948 2165 Neque
969 2105 1024 2163 ego
1040 2103 1122 2145 nunc

167 2182 227 2240 hoc
249 2178 409 2249 coutend0,
428 2177 510 2251 quod
533 2178 656 2234 fortasse
679 2194 747 2234 cum
769 2175 801 2234 in
823 2175 905 2234 omni
928 2185 1034 2235 natura
1055 2185 1120 2233 tum

167 2265 281 2329 iamin
304 2276 404 2325 nostra
426 2274 523 2325 aetate
546 2261 665 2324 difficile
689 2274 742 2336 est,
767 2273 881 2323 mutare
911 2262 1053 2334 animum,
1079 2272 1118 2335 et,

167 2356 193 2418 si
215 2355 290 2434 quid
313 2364 357 2413 est
379 2355 498 2431 penitus
512 2353 634 2412 insitum
650 2351 792 2424 moribus,
809 2351 842 2412 id
865 2351 964 2412 subito
983 2352 1120 2424 evellere,

168 2447 222 2506 sed
246 2455 275 2504 te
298 2443 372 2504 illud
395 2443 553 2514 admoneo,
571 2451 612 2514 ut,
638 2439 662 2500 si
684 2441 743 2501 hoc
763 2443 851 2519 plene
867 2439 959 2500 vitare
982 2459 1045 2500 nou
1068 2459 1120 2516 po·

167 2545 222 2609 tes,
246 2532 329 2610 quod
351 2541 420 2591 ante
446 2539 607 2608 occupatur
637 2528 752 2588 animus
782 2531 820 2590 ab
844 2527 1006 2601 iracundia,
1030 2547 1120 2605 quam

167 2620 325 2701 providere
340 2619 415 2680 ratio
438 2620 544 2697 potuit,
569 2639 607 2678 ne
626 2628 828 2696 occuparetur,
848 2627 881 2678 ut
904 2628 933 2677 te
956 2628 1025 2677 aute
1041 2635 1121 2677 com-

168 2729 262 2789 pares
280 2708 449 2787 cotidieque
464 2706 607 2768 meditere
629 2706 827 2766 resistendum
851 2725 915 2766 esse
937 2705 1118 2776 iracundiae,

167 2817 298 2876 cumque
321 2818 356 2857 ea
377 2797 504 2857 maxime
526 2796 659 2857 animum
682 2806 809 2871 moveat,
826 2805 890 2855 tum
914 2794 968 2855 tibi
991 2813 1055 2854 esse
1078 2793 1122 2852 di·

167 2886 359 2965 ligentissime
382 2885 513 2964 linguam
536 2884 766 2960 continendam
802 2903 878 2961 quae
902 2882 1024 2961 quidem
1047 2879 1121 2942 mihi

105 2975 109 2983 ’
168 2976 261 3036 virtus
283 2974 432 3035 interdum
455 2994 517 3035 uon
540 2973 637 3034 minor
651 2971 777 3047 videtur,
799 2992 888 3050 quam
911 2975 1034 3032 omnino
1058 2990 1121 3030 non

166 3065 264 3126 irasci.
313 3067 391 3123 Nam
413 3062 488 3123 illud
519 3073 563 3123 est
593 3082 655 3122 non
678 3064 774 3122 solum
801 3059 958 3140 gravitatis,
982 3060 1036 3120 sed
1060 3078 1122 3120 nou
1150 3071 1152 3078 '

204 3291 310 3326 cum...
335 3280 390 3323 tum
413 3289 481 3323 vero.
509 3274 531 3322 Il
558 3288 615 3321 cum
669 3289 763 3323 cerone
782 3288 861 3322 areva
887 3271 968 3322 allora
993 3282 1028 3332 42
1053 3269 1123 3327 anui,

167 3347 195 3398 lo
213 3347 275 3412 puoi
293 3347 399 3396 rendere
417 3351 467 3394 dou
487 3358 540 3401 se3
561 3350 615 3391 tum
670 3346 760 3394 Marco
779 3353 822 3407 47.

167 3433 228 3467 vero
249 3417 270 3467 si
297 3415 348 3483 pud
370 3416 482 3466 tradurre
507 3430 555 3465 con
581 3431 616 3464 un
706 3421 737 3464 ut
754 3421 784 3464 tr.
804 3416 881 3479 Dopo
903 3413 929 3463 la
955 3413 1034 3477 lunga
1059 3412 1125 3460 iuci-

166 3489 291 3554 semplice
315 3487 385 3555 poi.
670 3487 753 3548 dente,
773 3494 804 3534 ut
820 3481 834 3532 ὲ
853 3486 963 3550 ripetuto
982 3499 1028 3550 per
1055 3482 1128 3531 chia-

206 3558 247 3624 38.
267 3566 297 3608 ut
314 3575 352 3608 nc.
372 3558 418 3610 Pel
439 3557 560 3622 semplice
580 3562 615 3605 ut.
670 3573 747 3606 rezza.

164 3630 220 3681 cfr.
239 3633 287 3694 Ep.
308 3643 342 3694 30
361 3626 379 3694 ᾖ
399 3641 422 3677 2.
706 3627 778 3677 illud.
807 3628 829 3677 Il
857 3641 910 3676 uon
934 3624 1054 3676 lasciarsi
1076 3631 1126 3673 tra·

204 3703 233 3750 in
251 3708 340 3752 nostra
359 3706 446 3749 aetate.
460 3700 557 3763 Quinto
574 3699 617 3749 ci·
670 3708 784 3764 sportare
803 3698 918 3748 dall'ira.
