2788 4326
477 315 627 405 irmsrom
653 359 759 422 51-52.
1058 361 1097 423 53

135 503 230 570 atque
246 488 364 568 opibus,
383 500 416 549 ut
436 487 586 562 consuevi,
612 489 643 549 in
660 488 800 550 omnibus
813 491 902 550 rebus
918 499 992 550 utar.
1039 492 1100 549 Do·

140 583 250 642 labella
265 590 318 640 tuo
334 577 410 664 nihil
428 577 501 639 scito
524 576 599 638 mihi
617 598 681 639 esse
704 579 872 640 iucundius,
920 581 1009 639 Hanc
1023 580 1101 639 adeo

140 671 262 731 habebo
284 668 408 747 gratiam
433 665 493 728 illi:
532 686 631 744 neque
653 666 733 729 enim
749 667 833 728 aliter
855 670 951 728 facere
973 666 1098 747 poterit:

137 770 224 821 tanta
247 757 311 818 eius
334 755 513 833 humanitas,
537 755 561 817 is
584 776 696 833 sensuS,
721 756 811 834 eain
834 777 881 817 me
905 767 950 817 est
971 759 1101 818 benevo-

140 847 254 910 lentia’

594 1039 655 1108 52.

401 1186 573 1245 seavrns
597 1184 794 1245 cronnom
816 1139 859 1246 ss

187 1379 252 1442 Etsi
275 1379 337 1441 scio
360 1399 423 1440 non
446 1379 692 1441 iucundissimum
715 1401 764 1440 me
792 1379 929 1440 nuntium
953 1380 1040 1441 vobis
1062 1382 1101 1439 al·
1130 1400 1155 1440 1'

140 1471 281 1543 laturum,
307 1480 418 1542 tamen,
443 1468 587 1547 quoniam
603 1489 688 1531 casus
703 1480 733 1530 et
756 1478 861 1529 natura
882 1469 914 1529 in
937 1469 1025 1530 nobis
1048 1469 1101 1529 do·

142 1558 282 1633 minatur,
313 1558 409 1618 visum
439 1567 484 1618 est
513 1559 692 1632 laciendum,
725 1577 847 1636 quoquo
877 1560 971 1618 modo
999 1576 1102 1618 resse

143 1650 278 1722 baberet,
303 1666 356 1707 vos
375 1647 520 1708 'certiores
542 1649 648 1709 facere.
695 1651 733 1711 A.
750 1648 779 1708 d.
798 1669 824 1708 x.
849 1650 918 1708 Kal.
942 1650 1011 1708 Iun.
1034 1667 1103 1708 cum

141 1740 183 1820 ab
206 1735 361 1814 Epidauro
383 1735 519 1797 Piraeum
549 1735 619 1796 navi
649 1737 792 1797 advectus
823 1756 928 1811 essem,
953 1736 1003 1806 ibi¹
1025 1739 1104 1796 Mar·

139 1827 261 1898 cellum,
293 1827 438 1903 collegam
469 1835 612 1900 nostrum,
638 1825 767 1886 conveni
797 1844 927 1903 eumque
957 1825 1038 1885 diem
1061 1823 1104 1886 ibi

140 1913 322 1992 consumpsi,
348 1925 382 1974 ut
404 1935 472 1976 cum
504 1934 540 1974 eo
572 1935 676 1976 essem.
731 1919 854 1976 Postero
884 1914 932 1976 die
964 1935 1032 1975 cum
1064 1917 1103 1974 ab

140 2024 181 2065 eo
216 2002 366 2080 digressus
400 2023 496 2063 essem
532 2023 568 2063 eo
602 2002 735 2077 consilio,
772 2014 805 2064 ut
838 2006 877 2064 ab
911 2002 1038 2064 Athenis
1072 2001 1105 2062 in

143 2092 300 2154 Boeotiam
323 2091 397 2153 irem
422 2092 626 2171 reliquamque
648 2091 882 2154 iurisdictionem
902 2095 1102 2167 absolverem,

179 2299 205 2350 3.
225 2286 367 2336 Dolabella.
386 2291 418 2338 V.
438 2289 488 2352 Ep.
508 2299 541 2350 32
555 2288 596 2336 In·
651 2287 699 2336 rire
718 2288 744 2337 di
763 2294 844 2338 morte
864 2287 976 2338 violenta
995 2305 1011 2337 ο
1030 2296 1104 2338 natu·

141 2359 209 2410 trod.
223 2359 362 2408 Dolabella
376 2359 439 2408 s'era
458 2361 557 2408 bullato
572 2358 597 2407 al
651 2359 711 2409 rale.

142 2423 238 2496 partile
257 2430 283 2478 di
306 2431 399 2480 Cesare
424 2431 551 2495 sperando
570 2430 596 2478 di

141 2501 281 2551 rimediare
306 2501 327 2550 a'
353 2501 409 2550 suoi
434 2501 596 2566 grandissimi

142 2573 233 2622 debiti.
266 2626 275 2638 Ι

180 2643 301 2693 Hanc...
325 2644 447 2706 gruttam.
474 2642 597 2708 Equivale

143 2713 178 2764 ad
196 2713 274 2762 huius
299 2717 339 2763 rei
358 2716 480 2778 gratiam.
504 2716 597 2765 Cesare

145 2785 252 2834 intende
262 2787 316 2835 dire
330 2786 384 2845 che,
398 2802 451 2836 non
461 2786 598 2851 potandosi

143 2858 250 2906 eredere
260 2858 307 2906 che
319 2858 457 2927 Dolabella
468 2873 520 2907 non
530 2857 597 2906 fosse

145 2943 191 2993 per
203 2937 315 2978 esortare
331 2929 349 2977 il
359 2945 466 2978 suocero
479 2927 598 2978 arecarsi

144 3015 162 3048 a
175 3001 267 3057 Roma,
278 3000 314 3064 gli
326 2999 385 3049 avrl
396 3001 503 3064 obbligo
516 3000 598 3049 anche

144 3070 173 3120 di
200 3079 297 3135 questo.
323 3073 367 3120 Ma
395 3073 519 3122 Cicerone
545 3087 598 3119 non

145 3140 215 3190 volle
235 3144 369 3192 mnoversi.

183 3207 236 3278 Ep.
250 3209 298 3262 52.
317 3213 456 3264 Dell’anno
469 3224 526 3275 709.
542 3214 598 3264 Ser·

147 3283 191 3332 vio
216 3286 344 3334 annunzia
363 3301 378 3334 a
399 3287 453 3335 Cic.
473 3286 499 3333 la
518 3292 599 3334 morte

145 3354 173 3403 di
198 3357 234 3404 M.
258 3356 368 3406 Claudio
390 3356 522 3416 Marcello,
542 3354 598 3416 che,

145 3427 289 3490 perdonato
314 3429 347 3476 da
374 3428 474 3486 Cesare,
500 3443 544 3476 era
571 3427 599 3474 in

146 3496 252 3562 viaggio
271 3515 317 3564 per
335 3500 458 3549 ritornare
471 3499 503 3546 da
516 3498 599 3548 Atene

147 3565 175 3615 in
193 3555 294 3622 Italia!

186 3651 207 3689 1.
235 3656 309 3690 casus
334 3647 357 3688 et
380 3635 487 3695 natura.
511 3641 599 3693 Siamo

145 3710 210 3774 ogni
235 3721 366 3762 momento
390 3712 520 3780 espostia
545 3731 599 3764 mo·

686 2432 805 2478 certiores
828 2427 929 2490 facere.
957 2425 987 2482 L'
1001 2432 1104 2481 infinito

652 2503 763 2568 dipende
790 2502 823 2550 da
842 2503 926 2550 visum
947 2509 985 2552 est
1001 2503 1103 2567 jacien-

652 2575 721 2632 dum,
742 2589 756 2622 3
776 2574 817 2622 cui
837 2576 942 2623 tuttavia
961 2591 1040 2639 segue
1058 2571 1104 2639 pil

651 2646 839 2709 regolarmente
858 2652 889 2693 ut
906 2662 920 2695 e
937 2645 956 2694 il
974 2646 1103 2710 soggiunt.

651 2717 717 2766 Altri
736 2723 869 2766 omettono
882 2718 1040 2777 faciendum.

687 2786 813 2850 collegam.
835 2789 886 2836 Era
904 2797 970 2838 stato
988 2805 1035 2838 suo
1051 2788 1103 2838 eol-

651 2859 710 2923 lega
728 2859 771 2908 nel
793 2860 933 2922 consolato,
954 2860 1041 2909 l’anno
1061 2868 1104 2923 51.

653 2930 704 2980 cfr.
724 2931 773 2995 Ep.
797 2943 836 2994 19.

688 3002 718 3050 ab
744 3002 804 3049 Aah.
829 3002 907 3066 Dopo
929 3002 1032 3052 essermi
1055 3003 1105 3052 fer·

652 3081 721 3122 mato
741 3073 767 3121 in
787 3074 877 3122 Atene.

689 3144 897 3192 iurisdictionem.
917 3146 1105 3208 Igovernatori

653 3215 719 3264 delle
730 3215 861 3280 provincie
871 3212 910 3279 (S,
922 3216 1038 3281 Sulpicio
1047 3233 1104 3283 reg·

652 3302 717 3352 geva
736 3286 849 3344 l'Aceia,
870 3289 937 3337 ossia
956 3287 981 3336 13
1001 3287 1107 3352 Grecia)

653 3359 786 3407 dovevano
805 3363 881 3406 tratto
904 3366 979 3408 tratto
1003 3376 1104 3423 percor-

653 3428 718 3478 rerle
728 3444 773 3493 per
783 3430 880 3478 tenervi
889 3438 957 3480 certe
964 3431 1106 3482 assemblee

653 3498 803 3563 (conventus
817 3497 909 3564 agere),
925 3501 952 3550 in
965 3503 1007 3551 eui
1016 3504 1107 3554 ammi·

654 3572 800 3622 nistravano
813 3571 837 3619 la
851 3573 968 3636 giustizia
981 3589 995 3622 e
1007 3575 1108 3640 sbriga⁴

653 3659 720 3692 vano
742 3642 801 3691 altri
821 3643 892 3693 affari
914 3644 940 3692 di
959 3644 1016 3696 loro
1035 3662 1109 3697 com·

653 3723 767 3780 petenza.
