2788 4326
510 333 659 376 sersrutn
685 337 748 396 7-9.
1093 337 1108 396 7

156 461 258 522 adhuc
291 457 366 522 certi
393 461 548 521 habemus.
596 459 627 521 Si
653 459 726 537 quid
756 459 811 520 erit
841 460 922 536 certi,
956 461 1061 523 faciam
1082 472 1112 522 te

157 549 257 611 statim
275 549 442 615 certiorem.
475 548 686 609 Valetudinem
702 560 783 609 tuam
800 551 846 611 fac
861 561 893 611 ut
909 568 1002 612 cures.
1035 553 1112 611 Vale

157 657 204 704 111.
226 640 299 700 Idus
322 637 448 702 Sextssis.

619 902 652 966 8.

288 1100 464 1160 TULLIUS
488 1099 723 1160 TERENTIAE
746 1099 850 1159 SUAE
874 1103 904 1164 S.
928 1104 965 1160 D.

202 1365 227 1410 s,
246 1365 274 1408 v.
291 1365 319 1406 s.
339 1365 367 1408 u.
384 1365 414 1412 v.
459 1348 611 1408 Redditae
633 1346 707 1408 mihi
730 1349 852 1408 tandem
871 1358 939 1408 sunt
954 1366 972 1407 a
987 1348 1113 1408 Caesdre

160 1435 275 1496 litterae
291 1435 361 1496 satis
383 1435 529 1510 liberales,
554 1446 584 1496 et
599 1436 662 1515 ipse
677 1435 818 1514 opinione
833 1436 957 1497 celerius
972 1447 1114 1497 venturus

163 1544 229 1585 esse
251 1523 375 1600 dicitur;
411 1524 459 1586 cui
481 1534 580 1585 utrum
596 1524 715 1586 obviam
731 1526 900 1602 pmcedam,
924 1545 962 1586 an
979 1525 1113 1586 hic·eum

161 1623 344 1691 exspectem,
369 1633 437 1674 cum
461 1613 650 1690 constituero,
668 1613 773 1675 faciam
795 1624 825 1674 te
848 1613 1015 1675 certiorem.
1056 1613 1112 1674 Ta·

159 1702 299 1763 bellarios
321 1700 395 1762 mihi
417 1701 507 1763 velim
530 1721 618 1780 quam
648 1703 776 1781 primurn
806 1703 948 1765 remittas.
994 1704 1113 1762 Valetu-

156 1790 259 1852 dinem
283 1801 365 1852 tuam
387 1811 458 1853 cura
479 1790 646 1870 diligenter.
683 1794 768 1853 Vale.
807 1796 845 1854 D.
870 1812 915 1870 pr.
938 1793 1010 1852 Idus
1029 1793 1111 1852 Sext.

620 2057 654 2125 9.

290 2254 466 2314 TULLIUS
490 2255 519 2315 S.
537 2257 575 2315 D.
601 2255 839 2314 TERENTIAE
862 2249 976 2314 SUAE.

204 2518 230 2564 s,
247 2519 277 2564 v.
290 2520 319 2563 n.
335 2520 364 2562 rs.
380 2521 410 2562 v.
445 2503 510 2563 Nos
525 2500 660 2579 quotidie
675 2498 844 2560 tabellarios
863 2509 980 2560 nostros
995 2518 1113 2578 exspec-

159 2599 275 2650 tamus:
311 2589 363 2667 qui
386 2589 411 2650 si
432 2589 578 2664 venerint,
602 2592 723 2649 fortasse
744 2588 852 2650 erimus
875 2585 1021 2660 certiores,
1040 2589 1113 2667 quid

159 2678 249 2740 nobis
272 2677 441 2741 faciendum
465 2679 512 2755 sit,
540 2679 741 2756 faciemusque
771 2688 801 2738 te
824 2677 922 2738 statim
949 2675 1112 2740 certiorem.

160 2768 373 2828 Valetudinem
396 2778 478 2829 tuam
505 2788 575 2830 cura
596 2766 762 2846 diligenter.
807 2768 893 2828 Vale.
938 2769 1007 2829 Kal.
1042 2771 1112 2847 Sep-

152 2856 329 2919 tembribus.

153 3105 217 3154 timo
228 3119 271 3154 era
283 3103 374 3168 giunto
387 3120 402 3153 a
415 3105 483 3154 Rodi
492 3120 543 3154 con
555 3121 607 3154 una
695 3100 749 3168 Ep·
769 3098 799 3156 8.
818 3102 859 3151 Da
877 3101 996 3161 Brindisi,
1015 3100 1031 3151 1¹
1043 3116 1111 3152 anno

152 3167 245 3225 littera
263 3175 292 3224 di
304 3175 397 3226 Cesare
417 3191 432 3224 a
450 3175 487 3225 lui
506 3176 605 3226 diretta.
661 3183 720 3238 707.

152 3245 278 3296 Filotimo
298 3262 340 3296 era
355 3262 391 3296 un
408 3245 500 3297 liberto
519 3247 546 3296 di
565 3248 607 3298 Ci-
695 3247 821 3296 Redditae.
841 3244 999 3309 Recapitate.

152 3332 255 3380 cetone,
281 3333 306 3379 o,
331 3334 347 3366 a
371 3316 467 3382 meglio
493 3318 554 3377 dire,
580 3320 607 3367 di
696 3318 818 3366 liberales.
838 3315 944 3367 Cortesi.
959 3317 1029 3365 Poco
1042 3316 1113 3380 dopo

152 3389 287 3449 Terentia,
306 3405 322 3439 ο
339 3389 357 3437 1·
365 3397 465 3439 oratore
482 3389 509 3439 lo
528 3405 607 3439 aveva
660 3389 718 3439 vide
730 3387 823 3439 Cesare
837 3403 852 3436 a
864 3385 983 3447 Brindisi,
996 3385 1112 3437 en'ebbe

153 3459 412 3510 mandatoaCesare
430 3461 458 3509 in
473 3459 552 3526 luogo
565 3460 607 3510 dci
660 3460 751 3510 ottima
779 3457 951 3522 accoglienzs.
975 3455 1065 3506 Allora
1090 3455 1112 3506 si

149 3529 231 3596 figlio.
659 3531 745 3580 decise
764 3547 780 3579 a
798 3539 898 3579 tornare
917 3528 945 3576 in
962 3529 1055 3577 Roma.

187 3601 302 3650 Sextilis.
318 3601 399 3652 Corne
411 3601 434 3652 si
447 3599 549 3652 chiamd
562 3599 607 3668 piit
696 3599 751 3667 Ep·
770 3597 800 3652 9.
816 3599 956 3651 Dell’anuo
969 3607 1029 3662 707,
1049 3613 1113 3664 pure

152 3673 222 3738 tardi
237 3679 329 3739 questo
348 3673 437 3724 mese?
660 3674 693 3722 da
712 3672 831 3723 Brindisi.
