2788 4326
524 351 672 396 urrsruua
700 355 803 412 19·20.

636 615 691 684 19.

472 761 623 823 menno
647 761 795 822 ssnvro
819 763 850 822 s
912 741 916 754 ’

228 1013 397 1088 Asclapone
412 1010 554 1083 Patrensi,
579 1010 706 1085 medico,
724 1021 792 1071 utor
807 1009 995 1081 familiariter,
1013 1007 1137 1086 eiusque

178 1118 253 1161 cum
272 1101 457 1162 consuetudo
473 1099 547 1160 mihi
564 1099 696 1160 iucunda
709 1098 773 1174 fuit,
790 1110 854 1160 tum
870 1120 917 1161 ars
932 1098 1030 1168 etiam,
1048 1116 1140 1175 quam

182 1207 250 1248 sum
273 1199 411 1267 expertus
425 1189 456 1248 in
478 1188 649 1250 valetudine
665 1207 817 1264 meorum;
854 1189 961 1267 inqua
982 1186 1055 1247 mihi
1070 1207 1140 1248 cum

179 1276 249 1354 ipsa
263 1276 392 1352 scientia,
416 1277 591 1339 tumeliam
614 1277 756 1338 fidelitate
778 1277 1048 1355 benevolentiaque
1072 1275 1141 1336 satis

184 1365 263 1428 fecit.
304 1370 396 1427 Hunc
409 1365 498 1444 igitur
520 1365 576 1427 tibi
590 1368 781 1439 commendo,
806 1376 836 1426 et
850 1387 868 1426 a
882 1377 913 1427 te
935 1376 1016 1444 peto,
1039 1375 1072 1426 ut
1087 1366 1143 1425 des

179 1474 315 1532 operam,
340 1466 373 1515 ut
396 1455 548 1534 intellegat
570 1455 727 1533 diligenter
753 1475 802 1515 me
826 1454 975 1538 scripsisse
1003 1456 1042 1515 de
1065 1473 1138 1528 sese,

183 1562 342 1623 meamque
378 1544 668 1605 commendationem
703 1543 770 1604 usui
807 1564 916 1622 magno
950 1543 1008 1604 sibi
1041 1541 1141 1604 luisse.

181 1632 248 1692 Erit
269 1633 300 1693 id
323 1630 397 1692 mihi
419 1635 614 1693 vehementer
635 1642 760 1710 gratum.
1077 1624 1081 1629 ’

633 1880 694 1947 20.

454 1977 623 2088 'CICERO
647 2026 796 2087 SERVIO
821 2027 850 2085 S.

227 2255 426 2332 Hagesaretus
441 2253 618 2326 Larissaeus,
632 2252 747 2332 magnis
758 2253 832 2314 meis
847 2252 1000 2315 beneficiis
1015 2263 1138 2314 ornatus

180 2341 215 2403 in
237 2345 392 2403 consulatu
416 2362 494 2416 meo,
518 2362 632 2402 memor
655 2354 686 2402 et
708 2352 808 2420 gratus
827 2342 888 2415 fuit,
914 2362 1022 2420 meque
1034 2352 1139 2420 postea

179 2430 406 2509 diligentissime
422 2431 523 2492 coluit.
559 2434 636 2491 Eum
648 2431 703 2493 tibi
715 2452 823 2509 magno
839 2451 929 2509 opere
944 2432 1135 2504 commendo,

182 2530 216 2580 ut
239 2530 269 2580 et
290 2519 438 2598 hospitem
462 2532 494 2581 et
522 2519 695 2580 familiarem
725 2539 826 2581 meum
849 2532 880 2581 et
902 2531 1019 2598 gratum
1041 2519 1139 2580 homi·

180 2629 251 2670 nem
275 2621 305 2668 et
326 2609 423 2669 virum
438 2611 553 2670 bonum
568 2620 597 2670 et
613 2608 777 2688 principem
799 2608 927 2670 civitatis
950 2628 1020 2670 suae
1040 2619 1071 2669 et
1086 2620 1139 2670 tua

181 2695 400 2758 necessitudine
422 2698 637 2776 dignissimum.
656 2729 658 2736 v
683 2702 855 2777 Pergratum
877 2698 951 2758 mihi
973 2697 1088 2772 feceris,
1113 2697 1139 2762 si

179 2786 300 2846 dederis
323 2806 454 2865 operam,
479 2798 512 2847 ut
533 2787 559 2846 is
580 2787 741 2865 intellegat,
764 2789 843 2849 hanc
864 2808 962 2848 meam
989 2807 1140 2848 commen·

177 2874 333 2935 dationem
356 2895 498 2954 magnum
521 2878 602 2954 apud
625 2886 654 2937 te
676 2877 796 2954 pondus
818 2867 967 2937 habuisse.

217 3115 273 3185 Ep·
285 3115 333 3173 19.
351 3123 449 3186 LeEp.
469 3133 546 3185 19·23
566 3138 631 3172 sono
685 3120 773 3173 Servio
786 3122 913 3188 Sulpicio:
937 3138 979 3173 era
997 3137 1076 3171 uomo
1090 3137 1137 3186 po·

180 3190 271 3241 lettere
283 3192 309 3242 di
322 3193 572 3242 raccomandazione.
592 3195 631 3243 La
684 3193 765 3252 litico,
773 3194 970 3259 giureconsulto,
983 3201 1084 3244 oratore
1094 3191 1137 3241 dei

180 3269 298 3327 presente
323 3264 349 3312 su
373 3263 459 3313 scritta
486 3264 520 3313 da
548 3267 631 3314 Roma
685 3261 730 3329 piir
748 3265 844 3315 stimati
863 3265 889 3314 di
908 3268 999 3315 Roma.
1018 3264 1069 3313 Nel
1086 3260 1138 3325 708

180 3331 198 3380 1·
209 3349 278 3383 anno
298 3332 357 3393 708.
685 3336 894 3401 eraproeonsole
910 3337 937 3385 in
957 3336 1046 3394 Acaia,
1066 3349 1138 3383 man·

218 3405 399 3468 Asclapone...
418 3405 519 3456 medico.
538 3406 560 3456 Il
580 3422 631 3457 me·
686 3407 772 3457 datovi
791 3408 824 3456 da
843 3407 932 3458 Giulio
951 3409 1052 3458 Cesare.

181 3474 240 3524 dico
267 3476 411 3542 Asclapone
439 3493 518 3527 avena
543 3486 631 3528 curato
721 3475 775 3540 Ep.
800 3473 849 3530 ΞΟ.
878 3480 969 3529 Scritta
994 3478 1027 3525 da
1052 3478 1137 3525 Roma

180 3545 277 3595 Tirone
296 3548 433 3598 ammalato
452 3549 480 3598 in
501 3552 629 3606 Patrasso;
685 3547 772 3598 l'anno
786 3547 836 3611 708
851 3550 875 3598 al
894 3548 1034 3599 medesimo
1047 3547 1137 3598 Servio

181 3614 227 3665 cfr.
247 3618 293 3682 Ep.
317 3631 355 3681 13,
378 3619 476 3669 introd.
501 3620 596 3680 Servio,
616 3636 632 3669 a
686 3620 809 3685 Sulpicio,
832 3621 858 3670 di
880 3623 921 3671 cui
940 3621 962 3670 si
981 3620 1048 3669 disse
1066 3617 1137 3668 nelle

181 3687 224 3736 cui
241 3688 267 3738 lo
279 3691 457 3753 raccomanda,
476 3691 631 3741 chiamavusi
686 3699 746 3741 note
765 3691 807 3740 all'
815 3694 863 3758 Ep.
882 3692 1042 3758 precedente.
