2788 4326
508 358 656 400 scissum
681 358 733 416 47.
1067 353 1108 415 47

139 485 247 545 locum
278 483 310 543 in
343 484 479 562 proximo
505 484 636 546 conduxi
666 496 705 558 et,
741 495 774 543 ut
802 505 933 562 possum,
966 505 1004 545 ex
1032 486 1107 546 meis

139 571 289 652 angustiis
311 573 389 634 illius
412 585 546 634 sustento
569 572 754 633 tenuitatem.
794 578 949 634 Praeterea
964 574 1102 635 declami·
1129 590 1146 653 5

138 673 209 723 tare
226 664 340 723 Graece
355 665 437 740 apud
452 663 587 724 Cassium
604 663 737 738 institni3
782 663 887 722 Latine
903 674 1002 723 autem
1023 665 1106 741 apud

146 751 297 812 Bruttium
322 752 451 812 exerceri
474 755 555 812 volo,
601 754 677 812 Utor
696 751 889 811 familiaribus
905 762 935 812 et
950 752 1107 812 cotidianis

146 839 378 906 convictoribus,
404 861 480 916 quos
504 860 603 901 secum
629 840 780 919 Mitylenis
796 839 955 918 Cratippus
970 842 1105 914 adduxit,

144 929 321 991 bominibus
336 941 367 989 et
382 930 477 990 doctis
494 941 523 990 et
538 928 582 988 illi
598 929 821 1006 probatissimis
868 932 997 990 Multum
1019 931 1108 991 etiam

148 1038 268 1080 mecum
293 1030 337 1078 est
359 1019 522 1096 Epicrates,
546 1018 684 1097 princeps
712 1018 949 1093 Atheniensium,
974 1029 1004 1078 et
1034 1023 1109 1079 Leo·

145 1110 234 1169 nides
257 1109 418 1168 ethorum
442 1107 532 1170 ceteri
556 1105 675 1168 similes.
718 1111 765 1167 De
781 1108 892 1185 Gorgia
906 1118 1006 1168 autem
1026 1110 1109 1184 quod
1133 1109 1153 1165 6

148 1196 224 1258 mihi
248 1194 359 1269 scribis,
384 1207 447 1258 erat
470 1197 591 1274 quidem
614 1196 664 1256 ille
680 1195 711 1255 in
728 1195 877 1256 cotidiana
892 1198 1109 1258 declamatione

148 1285 238 1358 utilis,
255 1287 309 1344 sed
325 1281 426 1346 omitia
441 1286 603 1364 postposui,
621 1287 693 1345 dum
715 1287 807 1344 modo
830 1287 996 1364 praeceptis
1019 1286 1110 1364 patris

146 1391 300 1454 parerem:
334 1373 510 1454 διαρρήδην
523 1373 604 1434 enim
617 1375 780 1451 scripserat,
798 1385 830 1434 ut
845 1394 913 1434 eum
929 1375 1110 1436 dimitterem

147 1463 272 1537 statim;
312 1463 495 1541 tergiversari
518 1463 610 1535 nolui,
635 1449 674 1522 n'e
696 1481 764 1522 mea
786 1463 878 1522 nimia
908 1462 1033 1544 σπουδὴ
1065 1485 1113 1525 su·

145 1551 314 1631 spicionem
338 1553 365 1612 ei
387 1553 517 1631 aliquam
541 1553 714 1630 importaret
726 1568 733 1626 ;
780 1551 891 1612 deiude
915 1552 989 1613 illud
1020 1554 1111 1613 etiarn

149 1641 224 1702 mihi
248 1644 446 1716 succurrebat,
470 1661 558 1720 grave
582 1659 646 1701 esse
669 1661 718 1700 me
741 1641 780 1700 de
809 1640 919 1701 iudicio
948 1642 1038 1719 patris
1068 1641 1112 1701 iu·

146 1730 260 1791 dicare.
305 1733 407 1806 Tuum
430 1742 531 1792 tamen
555 1729 686 1790 studium
710 1739 740 1788 et
761 1729 918 1790 consilium
933 1742 1048 1808 gratum
1066 1751 1111 1792 ac·
1138 1747 1159 1805 7Ἰ

149 1830 333 1897 ceptumque
361 1831 405 1881 est
435 1819 515 1879 mihi.
574 1819 804 1880 Excusationem
834 1820 1035 1898 angustiarum
1068 1818 1112 1878 tui

147 1908 294 1986 temporis
305 1908 436 1987 accipio:
471 1908 533 1969 scio
546 1907 635 1981 enim,
650 1929 739 1985 quam
753 1911 849 1969 soleas
859 1929 924 1969 esse
937 1918 1111 1986 occupatus.

149 1998 267 2058 Emisse
291 2008 320 2056 te
343 1997 497 2076 praedium
516 1999 708 2058 vehementer
723 1999 840 2074 gaudeo
856 1996 1039 2074 feliciterque
1055 1996 1112 2057 tibi

147 2107 214 2147 rem
238 2086 325 2146 istam
350 2087 469 2147 evenire
492 2087 588 2164 cupio.
635 2088 704 2146 Hoc
726 2088 794 2146 loco
817 2107 866 2147 me
889 2087 943 2146 tibi
973 2085 1113 2164 gratulari

150 2175 215 2236 noli
239 2175 359 2235 mirari:
398 2177 504 2235 eodem
530 2173 608 2235 enim
632 2176 693 2234 fere
717 2177 784 2235 loco
809 2188 841 2235 tu
864 2195 984 2253 quoque
1008 2175 1114 2235 emisse

154 2276 185 2324 te
201 2265 297 2324 fe'cisti
312 2285 360 2324 me
376 2265 543 2325 certiorem.
583 2266 696 2323 Habes.
738 2263 944 2342 Deponenda'e
968 2264 1022 2324 tibi
1045 2276 1116 2324 sunt

150 2353 356 2414 urbanitates:
395 2353 521 2415 rusticus
544 2357 699 2413 Romanus
722 2354 817 2413 factus
839 2374 881 2414 es.
928 2355 997 2429 Quo
1021 2355 1114 2412 modo

150 2461 210 2520 ego
235 2442 308 2502 mihi
331 2462 413 2504 nunc
434 2454 503 2502 ante
526 2445 629 2503 oculos
652 2452 737 2502 tuum
765 2441 1010 2503 iucundissimum
1043 2461 1114 2502 con·

150 2542 288 2610 spectum
312 2533 472 2610 propono?
516 2531 630 2592 Videor
659 2531 739 2590 enim
771 2531 871 2592 videre
900 2542 1051 2592 ementem
1084 2539 1116 2590 te

151 2621 277 2680 rusticas
299 2639 354 2694 res,
377 2641 446 2681 curn
469 2619 558 2680 vilico
573 2622 755 2697 loquentem,
774 2619 805 2680 in
823 2620 930 2682 lacinia
945 2631 1114 2680 servantem

157 2729 196 2770 ex
218 2729 322 2770 mensa
343 2711 475 2770 secunda
497 2709 611 2769 semina

195 3001 217 3055 5.
231 2990 354 3042 Carsium.
367 2995 456 3042 Anche
470 3008 515 3054 per
527 2990 609 3039 costui

154 3063 213 3112 vale
235 3069 331 3126 quanto
357 3063 459 3111 abbiam
487 3064 557 3112 detto
584 3062 610 3110 di

156 3133 291 3183 Bruttius.

194 3204 218 3252 6.
243 3205 344 3268 Gorgia.
364 3205 436 3254 Altro
455 3213 565 3254 maestro
585 3204 611 3253 di

157 3277 286 3336 rettorlca,
300 3276 326 3325 di
345 3277 387 3325 cui
406 3278 427 3325 si
447 3276 542 3332 diceva,
564 3275 612 3324 che

160 3346 228 3396 fosse
242 3347 323 3396 anche
339 3355 448 3397 maestro
461 3348 488 3396 di
504 3347 612 3397 costumi

156 3420 612 3469 scorretti.LaondeCiceroneaveva

155 3490 278 3538 ordinato
298 3499 498 3555 espressamente
511 3487 612 3554 (questo

158 3557 173 3609 ὲ
201 3561 220 3609 il
248 3561 392 3625 significato
423 3561 613 3610 dell¹avverbio

158 3628 250 3696 greco)
268 3633 293 3681 al
313 3633 384 3696 figlio
403 3633 429 3681 di
449 3632 602 3684 licenzinrlo.

196 3719 250 3752 mea
263 3705 324 3754 nim.
338 3720 390 3753 ecc.
406 3706 444 3755 La
457 3705 510 3752 mia
522 3714 615 3769 troppa

613 2755 619 2770 .
659 2711 720 2770 Sed
743 2712 825 2788 quod
841 2712 880 2769 ad
894 2729 957 2769 rem
974 2709 1116 2787 pertinet,

665 2991 801 3040 insistenza
820 2991 858 3056 (di
884 2993 981 3042 tenerlo
1008 3009 1023 3042 a
1050 3010 1120 3043 mae·

665 3059 736 3125 stro).

700 3135 730 3181 ei.
751 3135 793 3185 Sc.¹
815 3135 932 3198 Gorgiae.

703 3217 727 3267 7.
740 3205 797 3253 Hoc
810 3207 869 3256 loco.
884 3207 914 3256 ln
934 3215 1024 3272 questo
1039 3215 1120 3272 punto

666 3276 734 3325 della
745 3277 796 3325 mia
806 3278 904 3336 lettera,
917 3288 1014 3329 mentre
1023 3278 1048 3327 le
1059 3292 1121 3328 con·

666 3348 834 3412 gratulationi
863 3350 982 3414 sogliono
1006 3357 1072 3399 stare
1095 3351 1123 3398 in

667 3419 805 3484 principio

697 3485 795 3538 'Haben
816 3493 855 3540 La
874 3487 888 3538 ὲ
907 3492 983 3554 satta;
1006 3493 1030 3542 ci
1049 3493 1094 3541 sei.

703 3564 731 3608 in
745 3561 904 3612 lacim'a.Nel
916 3563 1063 3627 tovagliolo,
1077 3580 1124 3629 per

668 3632 807 3682 seminarli.
819 3635 915 3697 Questa
927 3635 1082 3684 descrizione
1097 3635 1123 3684 di

669 3705 766 3753 Tirone
779 3705 939 3756 trasformato
953 3708 986 3756 da
999 3707 1125 3758 eittadino
