2788 4326
500 363 649 412 missurn
677 357 781 431 15·16.
1075 373 1113 430 13

162 503 197 555 nt
219 495 337 569 valeas3
373 503 471 553 cetera
493 512 549 573 ego
566 497 687 560 cirrabo.
727 494 834 556 Εῐὶιιιι
847 505 935 572 atque
952 493 1022 556 etim
1041 497 1117 556 vale.

162 583 302 644 Lenende
325 581 524 660 proficiscens,
549 600 599 646 vn.
624 586 696 644 Idus
719 585 909 650 Novembr..

609 963 666 1030 16.

180 1164 355 1224 TULLros
377 1165 431 1222 nr
454 1164 605 1224 cronno
627 1165 682 1223 ΕΤ
703 1164 741 1239 Q.
766 1165 804 1239 Q.
829 1165 975 1225 rrnonr
999 1165 1084 1224 SAL.

524 1289 641 1350 Pion.
665 1291 744 1350 nic.

199 1643 331 1704 Tertiam
361 1645 400 1704 ad
422 1653 452 1704 te
482 1646 560 1724 hanc
590 1643 747 1723 epistulam
777 1642 879 1722 scripsi
910 1645 1018 1706 eodem
1050 1645 1109 1720 die,
1137 1671 1151 1711 r

152 1732 248 1810 magis
270 1732 394 1793 instituti
410 1732 469 1793 mei
491 1733 615 1793 tenendi
631 1753 726 1806 cansa,
751 1732 820 1811 quia
843 1744 947 1794 nactus
962 1753 1043 1794 eram
1061 1733 1109 1795 cni

153 1822 268 1896 darem,
292 1841 381 1898 quam
397 1841 457 1899 quo
473 1823 614 1882 haberem
630 1823 712 1901 quod
728 1822 898 1884 scriberem.
936 1822 1027 1900 Igitur
1043 1821 1108 1884 illa:

151 1920 297 1987 quantum
327 1931 376 1971 me
399 1910 504 1988 diligis,
536 1921 652 1972 tantum
674 1911 785 1972 adhibe
808 1910 892 1971 inte
915 1910 1107 1990 diligentiae;

151 2001 192 2060 ad
213 2009 266 2059 tua
285 1998 514 2060 innumerabilia
528 1999 560 2058 in
575 2020 624 2061 me
639 1999 736 2061 officia
751 2001 829 2060 adde
845 2003 912 2075 hoc,
937 2002 1019 2078 quod
1034 1999 1108 2060 mihi

152 2086 208 2148 erit
230 2087 425 2166 gratissimum
451 2087 595 2151 omnium.
642 2091 719 2150 Cum
744 2089 920 2150 valetudinis
949 2089 1105 2164 rationem,
1134 2116 1151 2154 2

151 2186 185 2237 ut
210 2196 305 2255 spero,
329 2176 475 2251 habu‘e‘ris,
500 2179 612 2238 habeto
635 2176 724 2238 etiam
748 2177 973 2256 navigationis.'
993 2181 1029 2238 ln
1052 2180 1107 2238 lta·

149 2264 221 2326 liam
252 2265 392 2327 euntibus
422 2266 562 2327 omnibus
590 2268 636 2326 ad'
653 2287 701 2326 me
732 2266 843 2327 litteras
865 2265 960 2340 dabis,
990 2278 1024 2327 nt
1051 2286 1107 2345 ego

150 2365 272 2415 euntem
295 2358 396 2416 Patras
418 2355 569 2416 neminem
598 2355 811 2433 praetermitto.
857 2357 944 2428 Cura,
978 2374 1048 2416 cura
1076 2365 1107 2415 te

148 2442 191 2503 mi
214 2443 307 2504 Tiro:
346 2444 489 2520 quoniam
513 2464 575 2504 non
604 2443 737 2522 contigit,
770 2454 802 2504 ut
825 2443 912 2504 simul
940 2444 1103 2522 navigares,

149 2530 224 2592 nihil
246 2542 298 2604 est,
319 2534 402 2610 quod
418 2535 548 2607 festines,
573 2533 804 2610 necquicquam
819 2551 912 2606 cures,
938 2531 994 2593 nisi
1012 2543 1045 2592 ut
1059 2553 1108 2593 va·

147 2623 219 2681 leas.
267 2621 363 2681 Etiam
389 2631 479 2700 atque
510 2621 598 2682 etiam
629 2624 703 2682 vale.
750 2639 802 2685 v11.
835 2623 905 2681 Idus
937 2624 1102 2685 Novembr.

147 2708 246 2783 Actio,
270 2710 396 2788 vesperi.

185 2989 239 3060 ΕΙ).
259 2989 305 3044 16.
325 2993 396 3045 Oltre
408 2993 434 3042 la
445 2995 598 3059 precedente
652 3011 704 3053 non
717 3011 765 3059 quo
778 2996 892 3045 haberem
906 3012 967 3059 ecc,
989 2998 1035 3046 sed
1044 2998 1106 3060 quia

146 3066 204 3130 Ep..
222 3065 347 3115 Cicerone
365 3081 397 3114 ne
416 3081 494 3115 avena
513 3065 598 3114 scritta
651 3073 743 3115 nactur
761 3083 831 3116 eram
850 3083 902 3118 ecc.

146 3135 189 3185 nn'
196 3136 261 3186 altra
281 3153 297 3185 a
315 3137 411 3186 Tirone
430 3137 499 3186 nello
518 3145 597 3186 stesso
687 3138 774 3201 Igitur
786 3139 839 3192 illa.
854 3140 941 3188 Ellissi
954 3139 995 3189 del
1011 3141 1100 3192 verbo:

146 3208 248 3271 giorno,
267 3207 314 3257 che
333 3205 348 3256 ὲ
364 3207 389 3256 la
401 3217 488 3273 quarta
507 3207 549 3257 del
567 3208 599 3258 li·
650 3209 745 3259 laonde
770 3210 789 3258 ti
812 3207 923 3276 ripeterd
947 3211 1034 3276 quello
1056 3212 1104 3262 che

146 3278 192 3328 bro
212 3279 281 3328 XVI.
651 3287 721 3330 tante
741 3282 809 3331 volte
829 3283 848 3332 ti
866 3282 959 3331 scrissi.

183 3361 207 3397 2.
229 3348 352 3399 Tertiam.
375 3349 548 3416 Apposizione
571 3350 598 3400 di
687 3351 811 3415 diligis...
841 3352 979 3414 diligentia.
1013 3353 1103 3402 Allite·

144 3419 220 3474 hanc.
240 3428 276 3483 cp.
650 3423 718 3470 ratio
737 3419 871 3486 (Schmidt,
892 3424 946 3475 Stil.
961 3425 1018 3474 Lat.
1037 3421 1103 3488 §84

181 3492 303 3541 instituti.
317 3494 383 3542 Vedi
397 3495 444 3558 Ep.
459 3507 527 3557 pree.
542 3487 559 3555 ξ
573 3503 597 3540 2.
651 3495 676 3540 Α
696 3490 723 3556 2)
742 3511 756 3544 e
775 3493 850 3558 gioco
870 3495 895 3543 di
915 3495 1011 3560 parole.

181 3578 232 3626 quo
250 3563 305 3612 hab.
331 3565 387 3615 Con
409 3579 458 3626 quo
480 3563 498 3612 s'
511 3563 598 3612 indica
686 3565 738 3615 hoc.
755 3569 876 3616 Accennn
890 3567 920 3614 ad
934 3582 968 3615 un
983 3575 1103 3618 concetto

144 3647 196 3682 nna
213 3650 290 3684 causa
304 3651 356 3685 non
371 3636 448 3698 reale,
463 3635 562 3682 avendo
572 3634 598 3682 ln
650 3637 811 3701 precedente.

144 3703 211 3754 irase
221 3721 295 3756 senso
305 3707 425 3772 negativo
437 3727 470 3747 ---
481 3705 596 3770 scripsi...
687 3721 710 3756 2.
729 3709 808 3757 simui
823 3729 859 3749 =
877 3709 1015 3764 nobiscum,
