<?xml version="1.0" encoding="UTF-8"?>
<!DOCTYPE html PUBLIC "-//W3C//DTD XHTML 1.0 Transitional//EN"
    "http://www.w3.org/TR/xhtml1/DTD/xhtml1-transitional.dtd">
<html xmlns="http://www.w3.org/1999/xhtml" xml:lang="en" lang="en">
 <head>
  <title>
</title>
<meta http-equiv="Content-Type" content="text/html;charset=utf-8" />
  <meta name='ocr-system' content='tesseract 3.04.00' />
  <meta name='ocr-capabilities' content='ocr_page ocr_carea ocr_par ocr_line ocrx_word'/>
</head>
<body>
  <div class='ocr_page' id='page_1' title='image "./epistulaeselect00fumagoog_0017.png"; bbox 0 0 2788 4326; ppageno 0'>
   <div class='ocr_carea' id='block_1_1' title="bbox 289 358 910 418">
    <p class='ocr_par' dir='ltr' id='par_1_1' title="bbox 289 358 910 418">
     <span class='ocr_line' id='line_1_1' title="bbox 289 358 910 418; baseline 0.005 -19"><span class='ocrx_word' id='word_1_1' title='bbox 289 360 328 400; x_wconf 88' lang='grc' dir='ltr'><strong>ιο</strong></span> <span class='ocrx_word' id='word_1_2' title='bbox 627 358 776 402; x_wconf 75' lang='lat' dir='ltr'><strong>nrrsruna</strong></span> <span class='ocrx_word' id='word_1_3' title='bbox 805 359 910 418; x_wconf 83' lang='lat'><strong>1²·13·</strong></span> 
     </span>
    </p>
   </div>
   <div class='ocr_carea' id='block_1_2' title="bbox 246 479 1252 1433">
    <p class='ocr_par' dir='ltr' id='par_1_2' title="bbox 284 479 1250 740">
     <span class='ocr_line' id='line_1_2' title="bbox 287 479 1250 562; baseline 0 -20"><span class='ocrx_word' id='word_1_4' title='bbox 287 479 434 542; x_wconf 87' lang='lat' dir='ltr'><strong>tissimum</strong></span> <span class='ocrx_word' id='word_1_5' title='bbox 457 481 561 556; x_wconf 82' lang='lat' dir='ltr'>fecisti,</span> <span class='ocrx_word' id='word_1_6' title='bbox 585 503 748 558; x_wconf 88' lang='lat' dir='ltr'><strong>cumeum,</strong></span> <span class='ocrx_word' id='word_1_7' title='bbox 772 483 929 562; x_wconf 89' lang='lat' dir='ltr'><strong>indignum</strong></span> <span class='ocrx_word' id='word_1_8' title='bbox 945 481 995 543; x_wconf 91' lang='lat' dir='ltr'><strong>illa</strong></span> <span class='ocrx_word' id='word_1_9' title='bbox 1010 485 1136 555; x_wconf 88' lang='lat' dir='ltr'><strong>fortuna,</strong></span> <span class='ocrx_word' id='word_1_10' title='bbox 1155 483 1250 544; x_wconf 87' lang='lat' dir='ltr'><strong>nobis</strong></span> 
     </span>
     <span class='ocr_line' id='line_1_3' title="bbox 284 571 1245 649; baseline 0.003 -19"><span class='ocrx_word' id='word_1_11' title='bbox 284 571 414 632; x_wconf 90' lang='lat' dir='ltr'><strong>amicum</strong></span> <span class='ocrx_word' id='word_1_12' title='bbox 438 591 528 649; x_wconf 90' lang='lat' dir='ltr'><strong>quam</strong></span> <span class='ocrx_word' id='word_1_13' title='bbox 553 591 670 632; x_wconf 91' lang='lat' dir='ltr'><strong>servum</strong></span> <span class='ocrx_word' id='word_1_14' title='bbox 693 592 758 633; x_wconf 91' lang='lat' dir='ltr'>esse</span> <span class='ocrx_word' id='word_1_15' title='bbox 780 571 917 634; x_wconf 86' lang='lat' dir='ltr'><strong>maluisti.</strong></span> <span class='ocrx_word' id='word_1_16' title='bbox 965 571 1043 632; x_wconf 87' lang='lat' dir='ltr'>Mihi</span> <span class='ocrx_word' id='word_1_17' title='bbox 1065 573 1162 646; x_wconf 91' lang='lat' dir='ltr'><strong>crede,</strong></span> <span class='ocrx_word' id='word_1_18' title='bbox 1185 573 1245 633; x_wconf 90' lang='lat' dir='ltr'><strong>tuis</strong></span> 
     </span>
     <span class='ocr_line' id='line_1_4' title="bbox 287 659 1246 740; baseline 0.003 -21"><span class='ocrx_word' id='word_1_19' title='bbox 287 669 317 720; x_wconf 89' lang='lat' dir='ltr'><strong>et</strong></span> <span class='ocrx_word' id='word_1_20' title='bbox 339 659 417 720; x_wconf 87' lang='lat' dir='ltr'><strong>illius</strong></span> <span class='ocrx_word' id='word_1_21' title='bbox 439 659 544 720; x_wconf 90' lang='lat' dir='ltr'><strong>litteris</strong></span> <span class='ocrx_word' id='word_1_22' title='bbox 566 660 703 738; x_wconf 85' lang='lat' dir='ltr'>perlectis</span> <span class='ocrx_word' id='word_1_23' title='bbox 726 660 831 722; x_wconf 90' lang='lat' dir='ltr'><strong>exsilui</strong></span> <span class='ocrx_word' id='word_1_24' title='bbox 853 660 972 740; x_wconf 84' lang='lat' dir='ltr'><strong>gaudi0,</strong></span> <span class='ocrx_word' id='word_1_25' title='bbox 1005 671 1035 722; x_wconf 90' lang='lat' dir='ltr'><strong>et</strong></span> <span class='ocrx_word' id='word_1_26' title='bbox 1057 661 1112 721; x_wconf 91' lang='lat' dir='ltr'><strong>tibi</strong></span> <span class='ocrx_word' id='word_1_27' title='bbox 1135 671 1164 721; x_wconf 89' lang='lat' dir='ltr'><strong>et</strong></span> <span class='ocrx_word' id='word_1_28' title='bbox 1186 682 1246 740; x_wconf 85' lang='lat' dir='ltr'><strong>ago</strong></span> 
     </span>
    </p>

    <p class='ocr_par' dir='ltr' id='par_1_3' title="bbox 246 748 1252 1433">
     <span class='ocr_line' id='line_1_5' title="bbox 246 748 1252 828; baseline 0.001 -19"><span class='ocrx_word' id='word_1_29' title='bbox 246 771 262 809; x_wconf 86' lang='lat'>2</span> <span class='ocrx_word' id='word_1_30' title='bbox 289 748 397 827; x_wconf 84' lang='lat' dir='ltr'>gratias</span> <span class='ocrx_word' id='word_1_31' title='bbox 428 758 458 809; x_wconf 91' lang='lat' dir='ltr'><strong>et</strong></span> <span class='ocrx_word' id='word_1_32' title='bbox 489 750 627 828; x_wconf 66' lang='lat' dir='ltr'><strong>gratulor.</strong></span> <span class='ocrx_word' id='word_1_33' title='bbox 675 750 706 811; x_wconf 91' lang='lat' dir='ltr'><strong>Si</strong></span> <span class='ocrx_word' id='word_1_34' title='bbox 736 749 914 810; x_wconf 88' lang='lat' dir='ltr'><strong>enim&#39;mihi</strong></span> <span class='ocrx_word' id='word_1_35' title='bbox 944 749 1030 810; x_wconf 88' lang='lat' dir='ltr'><strong>Statii</strong></span> <span class='ocrx_word' id='word_1_36' title='bbox 1052 749 1177 810; x_wconf 87' lang='lat' dir='ltr'><strong>fidelitas</strong></span> <span class='ocrx_word' id='word_1_37' title='bbox 1200 760 1252 810; x_wconf 87' lang='lat' dir='ltr'><strong>est</strong></span> 
     </span>
     <span class='ocr_line' id='line_1_6' title="bbox 290 837 1247 916; baseline 0.002 -18"><span class='ocrx_word' id='word_1_38' title='bbox 290 847 391 898; x_wconf 84' lang='lat' dir='ltr'><strong>tantae</strong></span> <span class='ocrx_word' id='word_1_39' title='bbox 413 837 568 916; x_wconf 87' lang='lat' dir='ltr'><strong>voluptati,</strong></span> <span class='ocrx_word' id='word_1_40' title='bbox 592 837 696 916; x_wconf 88' lang='lat' dir='ltr'><strong>quanti</strong></span> <span class='ocrx_word' id='word_1_41' title='bbox 718 857 782 900; x_wconf 92' lang='lat' dir='ltr'>esse</span> <span class='ocrx_word' id='word_1_42' title='bbox 805 838 837 898; x_wconf 92' lang='lat' dir='ltr'><strong>in</strong></span> <span class='ocrx_word' id='word_1_43' title='bbox 860 838 917 899; x_wconf 90' lang='lat' dir='ltr'><strong>isto</strong></span> <span class='ocrx_word' id='word_1_44' title='bbox 939 839 1013 900; x_wconf 89' lang='lat' dir='ltr'><strong>haec</strong></span> <span class='ocrx_word' id='word_1_45' title='bbox 1035 841 1141 899; x_wconf 88' lang='lat' dir='ltr'><strong>eadem</strong></span> <span class='ocrx_word' id='word_1_46' title='bbox 1164 841 1247 900; x_wconf 86' lang='lat' dir='ltr'><strong>bona</strong></span> 
     </span>
     <span class='ocr_line' id='line_1_7' title="bbox 287 925 1249 1006; baseline 0.002 -20"><span class='ocrx_word' id='word_1_47' title='bbox 287 928 411 1000; x_wconf 91' lang='lat' dir='ltr'><strong>debent,</strong></span> <span class='ocrx_word' id='word_1_48' title='bbox 438 926 549 987; x_wconf 84' lang='lat' dir='ltr'><strong>additis</strong></span> <span class='ocrx_word' id='word_1_49' title='bbox 578 925 690 1000; x_wconf 87' lang='lat' dir='ltr'><strong>litteris,</strong></span> <span class='ocrx_word' id='word_1_50' title='bbox 725 927 920 1001; x_wconf 85' lang='lat' dir='ltr'>sermonibus,</span> <span class='ocrx_word' id='word_1_51' title='bbox 949 927 1141 1000; x_wconf 84' lang='lat' dir='ltr'><strong>humanitate,</strong></span> <span class='ocrx_word' id='word_1_52' title='bbox 1167 947 1249 1006; x_wconf 40' lang='lat' dir='ltr'><strong>qnae*</strong></span> 
     </span>
     <span class='ocr_line' id='line_1_8' title="bbox 287 1014 1245 1094; baseline 0 -18"><span class='ocrx_word' id='word_1_53' title='bbox 287 1025 357 1076; x_wconf 90' lang='lat' dir='ltr'><strong>sunt</strong></span> <span class='ocrx_word' id='word_1_54' title='bbox 380 1014 426 1075; x_wconf 92' lang='lat' dir='ltr'><strong>his</strong></span> <span class='ocrx_word' id='word_1_55' title='bbox 449 1014 519 1094; x_wconf 90' lang='lat' dir='ltr'>ipsis</span> <span class='ocrx_word' id='word_1_56' title='bbox 541 1016 708 1077; x_wconf 90' lang='lat' dir='ltr'><strong>commodis</strong></span> <span class='ocrx_word' id='word_1_57' title='bbox 730 1015 862 1094; x_wconf 87' lang='lat' dir='ltr'><strong>potioral</strong></span> <span class='ocrx_word' id='word_1_58' title='bbox 901 1020 981 1077; x_wconf 90' lang='lat' dir='ltr'><strong>Amo</strong></span> <span class='ocrx_word' id='word_1_59' title='bbox 1005 1026 1034 1077; x_wconf 89' lang='lat' dir='ltr'><strong>te</strong></span> <span class='ocrx_word' id='word_1_60' title='bbox 1054 1015 1193 1077; x_wconf 90' lang='lat' dir='ltr'><strong>omnibns</strong></span> <span class='ocrx_word' id='word_1_61' title='bbox 1216 1035 1245 1076; x_wconf 92' lang='lat' dir='ltr'><strong>e·</strong></span> 
     </span>
     <span class='ocr_line' id='line_1_9' title="bbox 285 1103 1242 1183; baseline 0.003 -20"><span class='ocrx_word' id='word_1_62' title='bbox 285 1103 411 1180; x_wconf 87' lang='lat' dir='ltr'><strong>quidem</strong></span> <span class='ocrx_word' id='word_1_63' title='bbox 433 1105 472 1165; x_wconf 91' lang='lat' dir='ltr'><strong>de</strong></span> <span class='ocrx_word' id='word_1_64' title='bbox 495 1103 631 1164; x_wconf 84' lang='lat' dir='ltr'><strong>maximis</strong></span> <span class='ocrx_word' id='word_1_65' title='bbox 654 1105 758 1180; x_wconf 89' lang='lat' dir='ltr'><strong>causis,</strong></span> <span class='ocrx_word' id='word_1_66' title='bbox 782 1125 886 1166; x_wconf 89' lang='lat' dir='ltr'><strong>verum</strong></span> <span class='ocrx_word' id='word_1_67' title='bbox 903 1104 992 1166; x_wconf 90' lang='lat' dir='ltr'><strong>etiam</strong></span> <span class='ocrx_word' id='word_1_68' title='bbox 1012 1115 1133 1183; x_wconf 87' lang='lat' dir='ltr'><strong>propter</strong></span> <span class='ocrx_word' id='word_1_69' title='bbox 1155 1107 1242 1178; x_wconf 91' lang='lat' dir='ltr'><strong>hanc,</strong></span> 
     </span>
     <span class='ocr_line' id='line_1_10' title="bbox 285 1192 1246 1270; baseline 0.002 -18"><span class='ocrx_word' id='word_1_70' title='bbox 285 1194 334 1252; x_wconf 88' lang='lat' dir='ltr'><strong>vel</strong></span> <span class='ocrx_word' id='word_1_71' title='bbox 357 1194 441 1270; x_wconf 89' lang='lat' dir='ltr'><strong>quod</strong></span> <span class='ocrx_word' id='word_1_72' title='bbox 471 1193 545 1254; x_wconf 92' lang='lat' dir='ltr'><strong>mihi</strong></span> <span class='ocrx_word' id='word_1_73' title='bbox 568 1192 618 1266; x_wconf 90' lang='lat' dir='ltr'><strong>sic,</strong></span> <span class='ocrx_word' id='word_1_74' title='bbox 650 1204 683 1254; x_wconf 91' lang='lat' dir='ltr'><strong>ut</strong></span> <span class='ocrx_word' id='word_1_75' title='bbox 704 1194 843 1268; x_wconf 90' lang='lat' dir='ltr'>debuisti,</span> <span class='ocrx_word' id='word_1_76' title='bbox 872 1194 1023 1254; x_wconf 85' lang='lat' dir='ltr'><strong>nuntiasti.</strong></span> <span class='ocrx_word' id='word_1_77' title='bbox 1071 1197 1116 1254; x_wconf 86' lang='lat' dir='ltr'><strong>Te</strong></span> <span class='ocrx_word' id='word_1_78' title='bbox 1146 1204 1246 1254; x_wconf 89' lang='lat' dir='ltr'><strong>totum</strong></span> 
     </span>
     <span class='ocr_line' id='line_1_11' title="bbox 284 1280 1251 1361; baseline 0.003 -21"><span class='ocrx_word' id='word_1_79' title='bbox 284 1280 317 1340; x_wconf 90' lang='lat' dir='ltr'><strong>in</strong></span> <span class='ocrx_word' id='word_1_80' title='bbox 346 1280 452 1342; x_wconf 89' lang='lat' dir='ltr'><strong>litteris</strong></span> <span class='ocrx_word' id='word_1_81' title='bbox 484 1281 556 1344; x_wconf 89' lang='lat' dir='ltr'><strong>vidi.</strong></span> <span class='ocrx_word' id='word_1_82' title='bbox 607 1282 711 1344; x_wconf 89' lang='lat' dir='ltr'><strong>Sabini</strong></span> <span class='ocrx_word' id='word_1_83' title='bbox 740 1283 839 1361; x_wconf 87' lang='lat' dir='ltr'><strong>pueris</strong></span> <span class='ocrx_word' id='word_1_84' title='bbox 867 1293 897 1343; x_wconf 91' lang='lat' dir='ltr'><strong>et</strong></span> <span class='ocrx_word' id='word_1_85' title='bbox 926 1281 1047 1360; x_wconf 89' lang='lat' dir='ltr'>promisi</span> <span class='ocrx_word' id='word_1_86' title='bbox 1082 1281 1182 1342; x_wconf 91' lang='lat' dir='ltr'><strong>omnia</strong></span> <span class='ocrx_word' id='word_1_87' title='bbox 1214 1293 1251 1343; x_wconf 91' lang='lat' dir='ltr'><strong>et.</strong></span> 
     </span>
     <span class='ocr_line' id='line_1_12' title="bbox 284 1369 401 1433; baseline 0.017 -2"><span class='ocrx_word' id='word_1_88' title='bbox 284 1369 401 1433; x_wconf 83' lang='lat' dir='ltr'><strong>faciam.</strong></span> 
     </span>
    </p>
   </div>
   <div class='ocr_carea' id='block_1_3' title="bbox 515 1562 1016 1771">
    <p class='ocr_par' dir='ltr' id='par_1_4' title="bbox 515 1562 1016 1771">
     <span class='ocr_line' id='line_1_13' title="bbox 737 1562 793 1633; baseline 0.089 -5"><span class='ocrx_word' id='word_1_89' title='bbox 737 1562 793 1633; x_wconf 84' lang='lat'><strong>13.</strong></span> 
     </span>
     <span class='ocr_line' id='line_1_14' title="bbox 515 1709 1016 1771; baseline 0.004 -4"><span class='ocrx_word' id='word_1_90' title='bbox 515 1709 690 1770; x_wconf 88' lang='lat' dir='ltr'>TULLIUS</span> <span class='ocrx_word' id='word_1_91' title='bbox 713 1711 860 1770; x_wconf 90' lang='lat' dir='ltr'>TIRONI</span> <span class='ocrx_word' id='word_1_92' title='bbox 883 1710 963 1771; x_wconf 91' lang='lat' dir='ltr'><strong>SUO</strong></span> <span class='ocrx_word' id='word_1_93' title='bbox 986 1711 1016 1770; x_wconf 88' lang='lat' dir='ltr'><strong>S.</strong></span> 
     </span>
    </p>
   </div>
   <div class='ocr_carea' id='block_1_4' title="bbox 284 1903 1250 2339">
    <p class='ocr_par' dir='ltr' id='par_1_5' title="bbox 284 1903 1250 2339">
     <span class='ocr_line' id='line_1_15' title="bbox 331 1903 1247 1983; baseline 0.003 -21"><span class='ocrx_word' id='word_1_94' title='bbox 331 1905 403 1963; x_wconf 94' lang='lat' dir='ltr'><strong>Non</strong></span> <span class='ocrx_word' id='word_1_95' title='bbox 420 1922 503 1981; x_wconf 79' lang='lat' dir='ltr'><strong>¹queo</strong></span> <span class='ocrx_word' id='word_1_96' title='bbox 525 1904 565 1962; x_wconf 90' lang='lat' dir='ltr'><strong>ad</strong></span> <span class='ocrx_word' id='word_1_97' title='bbox 588 1914 626 1976; x_wconf 89' lang='lat' dir='ltr'><strong>te,</strong></span> <span class='ocrx_word' id='word_1_98' title='bbox 652 1924 708 1966; x_wconf 91' lang='lat' dir='ltr'><strong>nec</strong></span> <span class='ocrx_word' id='word_1_99' title='bbox 722 1906 806 1965; x_wconf 90' lang='lat' dir='ltr'><strong>lubet</strong></span> <span class='ocrx_word' id='word_1_100' title='bbox 821 1905 959 1979; x_wconf 89' lang='lat' dir='ltr'><strong>scribere,</strong></span> <span class='ocrx_word' id='word_1_101' title='bbox 984 1924 1047 1983; x_wconf 90' lang='lat' dir='ltr'><strong>quo</strong></span> <span class='ocrx_word' id='word_1_102' title='bbox 1062 1903 1163 1966; x_wconf 90' lang='lat' dir='ltr'><strong>animo</strong></span> <span class='ocrx_word' id='word_1_103' title='bbox 1186 1904 1247 1965; x_wconf 89' lang='lat' dir='ltr'><strong>sim</strong></span> 
     </span>
     <span class='ocr_line' id='line_1_16' title="bbox 284 1991 1250 2068; baseline 0.003 -17"><span class='ocrx_word' id='word_1_104' title='bbox 284 1993 427 2067; x_wconf 82' lang='lat' dir='ltr'><strong>affectus3</strong></span> <span class='ocrx_word' id='word_1_105' title='bbox 462 2002 577 2052; x_wconf 90' lang='lat' dir='ltr'><strong>tantum</strong></span> <span class='ocrx_word' id='word_1_106' title='bbox 601 1991 706 2068; x_wconf 88' lang='lat' dir='ltr'><strong>scrib0,</strong></span> <span class='ocrx_word' id='word_1_107' title='bbox 739 2003 769 2054; x_wconf 89' lang='lat' dir='ltr'><strong>et</strong></span> <span class='ocrx_word' id='word_1_108' title='bbox 792 1992 846 2054; x_wconf 93' lang='lat' dir='ltr'><strong>tibi</strong></span> <span class='ocrx_word' id='word_1_109' title='bbox 869 2003 898 2054; x_wconf 91' lang='lat' dir='ltr'><strong>et</strong></span> <span class='ocrx_word' id='word_1_110' title='bbox 929 1993 1002 2054; x_wconf 91' lang='lat' dir='ltr'><strong>mihi</strong></span> <span class='ocrx_word' id='word_1_111' title='bbox 1025 1993 1170 2055; x_wconf 85' lang='lat' dir='ltr'><strong>maximae</strong></span> <span class='ocrx_word' id='word_1_112' title='bbox 1193 2013 1250 2054; x_wconf 91' lang='lat' dir='ltr'><strong>vo·-</strong></span> 
     </span>
     <span class='ocr_line' id='line_1_17' title="bbox 285 2079 1246 2160; baseline 0.005 -21"><span class='ocrx_word' id='word_1_113' title='bbox 285 2080 393 2159; x_wconf 88' lang='lat' dir='ltr'><strong>luptati</strong></span> <span class='ocrx_word' id='word_1_114' title='bbox 409 2083 481 2153; x_wconf 85' lang='lat' dir='ltr'>fore,</span> <span class='ocrx_word' id='word_1_115' title='bbox 507 2079 532 2140; x_wconf 91' lang='lat' dir='ltr'><strong>si</strong></span> <span class='ocrx_word' id='word_1_116' title='bbox 554 2094 583 2140; x_wconf 89' lang='lat' dir='ltr'><strong>te</strong></span> <span class='ocrx_word' id='word_1_117' title='bbox 598 2083 716 2142; x_wconf 89' lang='lat' dir='ltr'><strong>firmum</strong></span> <span class='ocrx_word' id='word_1_118' title='bbox 738 2102 827 2159; x_wconf 90' lang='lat' dir='ltr'><strong>quam</strong></span> <span class='ocrx_word' id='word_1_119' title='bbox 843 2083 973 2160; x_wconf 87' lang='lat' dir='ltr'><strong>primum</strong></span> <span class='ocrx_word' id='word_1_120' title='bbox 989 2081 1102 2144; x_wconf 89' lang='lat' dir='ltr'><strong>videro.</strong></span> <span class='ocrx_word' id='word_1_121' title='bbox 1140 2084 1246 2144; x_wconf 87' lang='lat' dir='ltr'><strong>Tertio</strong></span> 
     </span>
     <span class='ocr_line' id='line_1_18' title="bbox 285 2168 1247 2248; baseline 0.002 -19"><span class='ocrx_word' id='word_1_122' title='bbox 285 2168 336 2229; x_wconf 89' lang='lat' dir='ltr'><strong>die</strong></span> <span class='ocrx_word' id='word_1_123' title='bbox 359 2171 412 2229; x_wconf 94' lang='lat' dir='ltr'><strong>abs</strong></span> <span class='ocrx_word' id='word_1_124' title='bbox 434 2179 464 2229; x_wconf 94' lang='lat' dir='ltr'><strong>te</strong></span> <span class='ocrx_word' id='word_1_125' title='bbox 482 2171 521 2229; x_wconf 90' lang='lat' dir='ltr'><strong>ad</strong></span> <span class='ocrx_word' id='word_1_126' title='bbox 543 2169 677 2248; x_wconf 88' lang='lat' dir='ltr'><strong>Alyziam</strong></span> <span class='ocrx_word' id='word_1_127' title='bbox 693 2190 908 2233; x_wconf 90' lang='lat' dir='ltr'><strong>accesseramus</strong></span> <span class='ocrx_word' id='word_1_128' title='bbox 924 2189 931 2247; x_wconf 91' lang='grc'><strong>;</strong></span> <span class='ocrx_word' id='word_1_129' title='bbox 967 2171 992 2232; x_wconf 93' lang='lat' dir='ltr'><strong>is</strong></span> <span class='ocrx_word' id='word_1_130' title='bbox 1013 2173 1097 2233; x_wconf 91' lang='lat' dir='ltr'><strong>locus</strong></span> <span class='ocrx_word' id='word_1_131' title='bbox 1113 2181 1156 2232; x_wconf 90' lang='lat' dir='ltr'><strong>est</strong></span> <span class='ocrx_word' id='word_1_132' title='bbox 1171 2171 1247 2232; x_wconf 84' lang='lat' dir='ltr'><strong>citra</strong></span> 
     </span>
     <span class='ocr_line' id='line_1_19' title="bbox 285 2258 1249 2339; baseline 0.002 -22"><span class='ocrx_word' id='word_1_133' title='bbox 285 2259 457 2318; x_wconf 65' lang='lat' dir='ltr'><strong>Leucadem</strong></span> <span class='ocrx_word' id='word_1_134' title='bbox 481 2258 577 2318; x_wconf 88' lang='lat' dir='ltr'><strong>stadia</strong></span> <span class='ocrx_word' id='word_1_135' title='bbox 599 2275 670 2319; x_wconf 87' lang='lat' dir='ltr'><strong>cxx.</strong></span> <span class='ocrx_word' id='word_1_136' title='bbox 708 2261 847 2321; x_wconf 66' lang='lat' dir='ltr'><strong>Leucade</strong></span> <span class='ocrx_word' id='word_1_137' title='bbox 863 2270 914 2320; x_wconf 89' lang='lat' dir='ltr'><strong>aut</strong></span> <span class='ocrx_word' id='word_1_138' title='bbox 936 2271 966 2321; x_wconf 83' lang='lat' dir='ltr'><strong>te</strong></span> <span class='ocrx_word' id='word_1_139' title='bbox 989 2260 1087 2339; x_wconf 90' lang='lat' dir='ltr'><strong>ipsum</strong></span> <span class='ocrx_word' id='word_1_140' title='bbox 1110 2269 1161 2320; x_wconf 87' lang='lat' dir='ltr'><strong>aut</strong></span> <span class='ocrx_word' id='word_1_141' title='bbox 1178 2269 1249 2320; x_wconf 88' lang='lat' dir='ltr'><strong>tuas</strong></span> 
     </span>
    </p>
   </div>
   <div class='ocr_carea' id='block_1_5' title="bbox 279 2486 1248 3760">
    <p class='ocr_par' dir='ltr' id='par_1_6' title="bbox 284 2486 1242 2556">
     <span class='ocr_line' id='line_1_20' title="bbox 284 2486 1242 2556; baseline 0.002 -20"><span class='ocrx_word' id='word_1_142' title='bbox 284 2494 370 2537; x_wconf 88' lang='lat' dir='ltr'><strong>mente</strong></span> <span class='ocrx_word' id='word_1_143' title='bbox 382 2487 452 2536; x_wconf 85' lang='lat' dir='ltr'><strong>dalla</strong></span> <span class='ocrx_word' id='word_1_144' title='bbox 466 2486 559 2548; x_wconf 87' lang='lat' dir='ltr'><strong>Gallia,</strong></span> <span class='ocrx_word' id='word_1_145' title='bbox 573 2489 639 2538; x_wconf 88' lang='lat' dir='ltr'><strong>dove</strong></span> <span class='ocrx_word' id='word_1_146' title='bbox 649 2490 681 2552; x_wconf 91' lang='lat' dir='ltr'><strong>Q.</strong></span> <span class='ocrx_word' id='word_1_147' title='bbox 696 2489 738 2540; x_wconf 91' lang='lat' dir='ltr'><strong>Ci·</strong></span> <span class='ocrx_word' id='word_1_148' title='bbox 792 2497 846 2540; x_wconf 79' lang='lat' dir='ltr'><strong>tera</strong></span> <span class='ocrx_word' id='word_1_149' title='bbox 865 2507 907 2540; x_wconf 79' lang='lat' dir='ltr'><strong>era</strong></span> <span class='ocrx_word' id='word_1_150' title='bbox 926 2507 961 2540; x_wconf 90' lang='lat' dir='ltr'><strong>un</strong></span> <span class='ocrx_word' id='word_1_151' title='bbox 974 2506 1033 2540; x_wconf 87' lang='lat' dir='ltr'><strong>vero</strong></span> <span class='ocrx_word' id='word_1_152' title='bbox 1050 2490 1170 2556; x_wconf 88' lang='lat' dir='ltr'><strong>specchio</strong></span> <span class='ocrx_word' id='word_1_153' title='bbox 1188 2489 1242 2539; x_wconf 87' lang='lat' dir='ltr'><strong>del·</strong></span> 
     </span>
    </p>

    <p class='ocr_par' dir='ltr' id='par_1_7' title="bbox 284 2559 1245 2622">
     <span class='ocr_line' id='line_1_21' title="bbox 284 2559 1245 2622; baseline 0.002 -15"><span class='ocrx_word' id='word_1_154' title='bbox 284 2573 379 2610; x_wconf 86' lang='lat' dir='ltr'><strong>cerone</strong></span> <span class='ocrx_word' id='word_1_155' title='bbox 394 2573 437 2608; x_wconf 88' lang='lat' dir='ltr'><strong>era</strong></span> <span class='ocrx_word' id='word_1_156' title='bbox 450 2559 632 2622; x_wconf 83' lang='lat' dir='ltr'><strong>luogotenente</strong></span> <span class='ocrx_word' id='word_1_157' title='bbox 645 2561 671 2608; x_wconf 91' lang='lat' dir='ltr'><strong>di</strong></span> <span class='ocrx_word' id='word_1_158' title='bbox 691 2561 737 2610; x_wconf 86' lang='lat' dir='ltr'><strong>Ce·</strong></span> <span class='ocrx_word' id='word_1_159' title='bbox 792 2561 898 2611; x_wconf 83' lang='lat' dir='ltr'><strong>l&#39;animo</strong></span> <span class='ocrx_word' id='word_1_160' title='bbox 914 2569 965 2619; x_wconf 82' lang='lat' dir='ltr'><strong>tuo,</strong></span> <span class='ocrx_word' id='word_1_161' title='bbox 985 2559 1032 2610; x_wconf 72' lang='lat' dir='ltr'><strong>che</strong></span> <span class='ocrx_word' id='word_1_162' title='bbox 1046 2570 1072 2610; x_wconf 90' lang='lat' dir='ltr'><strong>tu</strong></span> <span class='ocrx_word' id='word_1_163' title='bbox 1091 2561 1116 2610; x_wconf 87' lang='lat' dir='ltr'><strong>la</strong></span> <span class='ocrx_word' id='word_1_164' title='bbox 1128 2561 1245 2611; x_wconf 81' lang='lat' dir='ltr'><strong>scrivesti</strong></span> 
     </span>
    </p>

    <p class='ocr_par' dir='ltr' id='par_1_8' title="bbox 283 2624 1247 2697">
     <span class='ocr_line' id='line_1_22' title="bbox 283 2624 1247 2697; baseline 0.004 -20"><span class='ocrx_word' id='word_1_165' title='bbox 283 2645 349 2678; x_wconf 79' lang='lat' dir='ltr'><strong>sare.</strong></span> <span class='ocrx_word' id='word_1_166' title='bbox 372 2632 411 2680; x_wconf 84' lang='lat' dir='ltr'><strong>La</strong></span> <span class='ocrx_word' id='word_1_167' title='bbox 429 2630 489 2678; x_wconf 85' lang='lat' dir='ltr'><strong>data</strong></span> <span class='ocrx_word' id='word_1_168' title='bbox 508 2624 522 2676; x_wconf 76' lang='grc' dir='ltr'>ὲ</span> <span class='ocrx_word' id='word_1_169' title='bbox 541 2630 637 2680; x_wconf 87' lang='lat' dir='ltr'><strong>incerta</strong></span> <span class='ocrx_word' id='word_1_170' title='bbox 660 2628 738 2694; x_wconf 85' lang='lat' dir='ltr'>(forse</span> <span class='ocrx_word' id='word_1_171' title='bbox 791 2630 837 2697; x_wconf 79' lang='lat' dir='ltr'>piis</span> <span class='ocrx_word' id='word_1_172' title='bbox 856 2634 889 2682; x_wconf 81' lang='lat' dir='ltr'><strong>du</strong></span> <span class='ocrx_word' id='word_1_173' title='bbox 907 2633 991 2682; x_wconf 86' lang='lat' dir='ltr'><strong>amico</strong></span> <span class='ocrx_word' id='word_1_174' title='bbox 1009 2632 1056 2682; x_wconf 90' lang='lat' dir='ltr'><strong>che</strong></span> <span class='ocrx_word' id='word_1_175' title='bbox 1075 2633 1108 2681; x_wconf 89' lang='lat' dir='ltr'><strong>da</strong></span> <span class='ocrx_word' id='word_1_176' title='bbox 1126 2634 1247 2697; x_wconf 82' lang='lat' dir='ltr'><strong>padrone</strong></span> 
     </span>
    </p>

    <p class='ocr_par' dir='ltr' id='par_1_9' title="bbox 285 2697 867 2765">
     <span class='ocr_line' id='line_1_23' title="bbox 285 2697 867 2765; baseline 0.005 -18"><span class='ocrx_word' id='word_1_177' title='bbox 285 2697 357 2764; x_wconf 85' lang='lat'><strong>702).</strong></span> <span class='ocrx_word' id='word_1_178' title='bbox 376 2701 408 2750; x_wconf 92' lang='lat' dir='ltr'><strong>In</strong></span> <span class='ocrx_word' id='word_1_179' title='bbox 422 2707 510 2765; x_wconf 85' lang='lat' dir='ltr'><strong>questa</strong></span> <span class='ocrx_word' id='word_1_180' title='bbox 522 2699 620 2764; x_wconf 88' lang='lat' dir='ltr'><strong>lettera,</strong></span> <span class='ocrx_word' id='word_1_181' title='bbox 641 2701 738 2764; x_wconf 88' lang='lat' dir='ltr'><strong>Quinto</strong></span> <span class='ocrx_word' id='word_1_182' title='bbox 792 2703 818 2752; x_wconf 89' lang='lat' dir='ltr'><strong>di</strong></span> <span class='ocrx_word' id='word_1_183' title='bbox 837 2704 867 2751; x_wconf 89' lang='lat' dir='ltr'><strong>T.</strong></span> 
     </span>
    </p>

    <p class='ocr_par' dir='ltr' id='par_1_10' title="bbox 283 2771 1243 2840">
     <span class='ocr_line' id='line_1_24' title="bbox 283 2771 1243 2840; baseline 0.003 -20"><span class='ocrx_word' id='word_1_184' title='bbox 283 2771 410 2836; x_wconf 83' lang='lat' dir='ltr'><strong>ringrazia</strong></span> <span class='ocrx_word' id='word_1_185' title='bbox 423 2771 441 2820; x_wconf 94' lang='lat' dir='ltr'><strong>il</strong></span> <span class='ocrx_word' id='word_1_186' title='bbox 461 2771 562 2820; x_wconf 80' lang='lat' dir='ltr'><strong>fratello</strong></span> <span class='ocrx_word' id='word_1_187' title='bbox 581 2773 665 2821; x_wconf 86' lang='lat' dir='ltr'><strong>d&#39;aver</strong></span> <span class='ocrx_word' id='word_1_188' title='bbox 677 2773 737 2822; x_wconf 87' lang='lat' dir='ltr'><strong>data</strong></span> <span class='ocrx_word' id='word_1_189' title='bbox 827 2773 918 2822; x_wconf 79' lang='lat' dir='ltr'><strong>Sabini</strong></span> <span class='ocrx_word' id='word_1_190' title='bbox 931 2774 1020 2840; x_wconf 79' lang='lat' dir='ltr'><strong>pueris</strong></span> <span class='ocrx_word' id='word_1_191' title='bbox 1040 2789 1092 2823; x_wconf 88' lang='lat' dir='ltr'><strong>ecc.</strong></span> <span class='ocrx_word' id='word_1_192' title='bbox 1104 2774 1165 2824; x_wconf 88' lang='lat' dir='ltr'><strong>Non</strong></span> <span class='ocrx_word' id='word_1_193' title='bbox 1178 2775 1199 2823; x_wconf 94' lang='lat' dir='ltr'><strong>si</strong></span> <span class='ocrx_word' id='word_1_194' title='bbox 1212 2791 1243 2824; x_wconf 86' lang='lat' dir='ltr'><strong>sa·</strong></span> 
     </span>
    </p>

    <p class='ocr_par' dir='ltr' id='par_1_11' title="bbox 282 2840 1242 2981">
     <span class='ocr_line' id='line_1_25' title="bbox 282 2840 1195 2909; baseline 0.004 -19"><span class='ocrx_word' id='word_1_195' title='bbox 282 2842 309 2890; x_wconf 82' lang='lat' dir='ltr'><strong>la</strong></span> <span class='ocrx_word' id='word_1_196' title='bbox 328 2840 419 2892; x_wconf 65' lang='lat' dir='ltr'><strong>liberta</strong></span> <span class='ocrx_word' id='word_1_197' title='bbox 438 2859 453 2890; x_wconf 86' lang='lat' dir='ltr'><strong>a</strong></span> <span class='ocrx_word' id='word_1_198' title='bbox 472 2843 577 2892; x_wconf 90' lang='lat' dir='ltr'><strong>Tirone.</strong></span> <span class='ocrx_word' id='word_1_199' title='bbox 791 2861 806 2893; x_wconf 89' lang='lat' dir='ltr'><strong>a</strong></span> <span class='ocrx_word' id='word_1_200' title='bbox 826 2845 873 2894; x_wconf 88' lang='lat' dir='ltr'><strong>che</strong></span> <span class='ocrx_word' id='word_1_201' title='bbox 892 2861 952 2894; x_wconf 79' lang='lat' dir='ltr'><strong>cosa</strong></span> <span class='ocrx_word' id='word_1_202' title='bbox 970 2845 1056 2909; x_wconf 80' lang='lat' dir='ltr'><strong>voglia</strong></span> <span class='ocrx_word' id='word_1_203' title='bbox 1075 2845 1195 2894; x_wconf 88' lang='lat' dir='ltr'><strong>alludere.</strong></span> 
     </span>
     <span class='ocr_line' id='line_1_26' title="bbox 322 2913 1242 2981; baseline 0.004 -20"><span class='ocrx_word' id='word_1_204' title='bbox 322 2925 343 2960; x_wconf 89' lang='lat'><strong>1.</strong></span> <span class='ocrx_word' id='word_1_205' title='bbox 357 2913 397 2962; x_wconf 81' lang='lat' dir='ltr'><strong>De</strong></span> <span class='ocrx_word' id='word_1_206' title='bbox 412 2913 469 2962; x_wconf 68' lang='lat' dir='ltr'><strong>Ter.</strong></span> <span class='ocrx_word' id='word_1_207' title='bbox 483 2913 608 2978; x_wconf 83' lang='lat' dir='ltr'><strong>Equivale</strong></span> <span class='ocrx_word' id='word_1_208' title='bbox 621 2914 646 2962; x_wconf 88' lang='lat' dir='ltr'><strong>al</strong></span> <span class='ocrx_word' id='word_1_209' title='bbox 661 2930 736 2964; x_wconf 87' lang='lat' dir='ltr'>senso</span> <span class='ocrx_word' id='word_1_210' title='bbox 826 2913 882 2981; x_wconf 81' lang='lat' dir='ltr'><strong>Ep.</strong></span> <span class='ocrx_word' id='word_1_211' title='bbox 892 2913 940 2968; x_wconf 75' lang='lat'><strong>13.</strong></span> <span class='ocrx_word' id='word_1_212' title='bbox 952 2916 1090 2966; x_wconf 81' lang='lat' dir='ltr'><strong>Dell&#39;anno</strong></span> <span class='ocrx_word' id='word_1_213' title='bbox 1102 2927 1161 2976; x_wconf 79' lang='lat'><strong>704.</strong></span> <span class='ocrx_word' id='word_1_214' title='bbox 1175 2917 1242 2966; x_wconf 88' lang='lat' dir='ltr'><strong>Tor·</strong></span> 
     </span>
    </p>

    <p class='ocr_par' dir='ltr' id='par_1_12' title="bbox 282 2983 1248 3122">
     <span class='ocr_line' id='line_1_27' title="bbox 282 2983 1242 3052; baseline 0.004 -20"><span class='ocrx_word' id='word_1_215' title='bbox 282 2983 325 3034; x_wconf 87' lang='lat' dir='ltr'><strong>del</strong></span> <span class='ocrx_word' id='word_1_216' title='bbox 336 2986 498 3046; x_wconf 85' lang='lat' dir='ltr'><strong>quodnntato</strong></span> <span class='ocrx_word' id='word_1_217' title='bbox 505 2984 598 3050; x_wconf 77' lang='lat' dir='ltr'><strong>allup.</strong></span> <span class='ocrx_word' id='word_1_218' title='bbox 608 2999 631 3042; x_wconf 90' lang='lat'><strong>2,</strong></span> <span class='ocrx_word' id='word_1_219' title='bbox 642 2993 736 3035; x_wconf 82' lang='lat' dir='ltr'><strong>notaa.</strong></span> <span class='ocrx_word' id='word_1_220' title='bbox 790 2988 876 3037; x_wconf 85' lang='lat' dir='ltr'><strong>nando</strong></span> <span class='ocrx_word' id='word_1_221' title='bbox 895 2987 938 3037; x_wconf 83' lang='lat' dir='ltr'><strong>dal</strong></span> <span class='ocrx_word' id='word_1_222' title='bbox 956 3003 1070 3051; x_wconf 85' lang='lat' dir='ltr'><strong>governo</strong></span> <span class='ocrx_word' id='word_1_223' title='bbox 1089 2986 1157 3036; x_wconf 84' lang='lat' dir='ltr'><strong>della</strong></span> <span class='ocrx_word' id='word_1_224' title='bbox 1181 3004 1242 3052; x_wconf 88' lang='lat' dir='ltr'><strong>pro-</strong></span> 
     </span>
     <span class='ocr_line' id='line_1_28' title="bbox 319 3054 1248 3122; baseline 0.006 -21"><span class='ocrx_word' id='word_1_225' title='bbox 319 3055 398 3104; x_wconf 80' lang='lat' dir='ltr'><strong>ita...</strong></span> <span class='ocrx_word' id='word_1_226' title='bbox 416 3056 523 3104; x_wconf 79' lang='lat' dir='ltr'><strong>videam.</strong></span> <span class='ocrx_word' id='word_1_227' title='bbox 543 3054 603 3106; x_wconf 91' lang='lat' dir='ltr'><strong>Cosi</strong></span> <span class='ocrx_word' id='word_1_228' title='bbox 616 3072 691 3122; x_wconf 86' lang='lat' dir='ltr'>possa</span> <span class='ocrx_word' id='word_1_229' title='bbox 709 3058 736 3108; x_wconf 89' lang='lat' dir='ltr'><strong>io</strong></span> <span class='ocrx_word' id='word_1_230' title='bbox 789 3059 874 3107; x_wconf 75' lang='lat' dir='ltr'><strong>vincia</strong></span> <span class='ocrx_word' id='word_1_231' title='bbox 898 3059 924 3107; x_wconf 90' lang='lat' dir='ltr'><strong>di</strong></span> <span class='ocrx_word' id='word_1_232' title='bbox 953 3059 1047 3109; x_wconf 84' lang='lat' dir='ltr'><strong>Cilicia</strong></span> <span class='ocrx_word' id='word_1_233' title='bbox 1072 3074 1122 3108; x_wconf 91' lang='lat' dir='ltr'><strong>con</strong></span> <span class='ocrx_word' id='word_1_234' title='bbox 1143 3058 1248 3107; x_wconf 75' lang='lat' dir='ltr'><strong>Tirone</strong></span> 
     </span>
    </p>

    <p class='ocr_par' dir='ltr' id='par_1_13' title="bbox 281 3127 1242 3194">
     <span class='ocr_line' id='line_1_29' title="bbox 281 3127 1242 3194; baseline 0.002 -18"><span class='ocrx_word' id='word_1_235' title='bbox 281 3127 403 3177; x_wconf 86' lang='lat' dir='ltr'><strong>rivedere.</strong></span> <span class='ocrx_word' id='word_1_236' title='bbox 423 3127 478 3177; x_wconf 88' lang='lat' dir='ltr'><strong>Che</strong></span> <span class='ocrx_word' id='word_1_237' title='bbox 490 3134 559 3176; x_wconf 86' lang='lat' dir='ltr'><strong>sorta</strong></span> <span class='ocrx_word' id='word_1_238' title='bbox 571 3127 598 3176; x_wconf 95' lang='lat' dir='ltr'><strong>di</strong></span> <span class='ocrx_word' id='word_1_239' title='bbox 611 3127 735 3192; x_wconf 84' lang='lat' dir='ltr'><strong>congiun·</strong></span> <span class='ocrx_word' id='word_1_240' title='bbox 788 3130 891 3194; x_wconf 80' lang='lat' dir='ltr'><strong>(agosto</strong></span> <span class='ocrx_word' id='word_1_241' title='bbox 910 3130 952 3178; x_wconf 92' lang='lat' dir='ltr'><strong>del</strong></span> <span class='ocrx_word' id='word_1_242' title='bbox 972 3139 1039 3191; x_wconf 78' lang='lat'>7043</span> <span class='ocrx_word' id='word_1_243' title='bbox 1067 3138 1100 3192; x_wconf 80' lang='lat'><strong>50</strong></span> <span class='ocrx_word' id='word_1_244' title='bbox 1119 3145 1156 3179; x_wconf 80' lang='lat' dir='ltr'><strong>av.</strong></span> <span class='ocrx_word' id='word_1_245' title='bbox 1177 3127 1242 3194; x_wconf 77' lang='lat' dir='ltr'><strong>Cr),</strong></span> 
     </span>
    </p>

    <p class='ocr_par' dir='ltr' id='par_1_14' title="bbox 283 3197 1240 3330">
     <span class='ocr_line' id='line_1_30' title="bbox 283 3197 1240 3251; baseline 0.002 -5"><span class='ocrx_word' id='word_1_246' title='bbox 283 3197 355 3247; x_wconf 76' lang='lat' dir='ltr'><strong>tiro?</strong></span> <span class='ocrx_word' id='word_1_247' title='bbox 788 3200 914 3250; x_wconf 86' lang='lat' dir='ltr'><strong>Cicerone</strong></span> <span class='ocrx_word' id='word_1_248' title='bbox 929 3201 1029 3251; x_wconf 86' lang='lat' dir='ltr'><strong>dovette</strong></span> <span class='ocrx_word' id='word_1_249' title='bbox 1049 3200 1167 3250; x_wconf 85' lang='lat' dir='ltr'><strong>lasciarlo</strong></span> <span class='ocrx_word' id='word_1_250' title='bbox 1186 3217 1240 3248; x_wconf 84' lang='lat' dir='ltr'><strong>sm·</strong></span> 
     </span>
     <span class='ocr_line' id='line_1_31' title="bbox 317 3267 1228 3330; baseline 0.004 -16"><span class='ocrx_word' id='word_1_251' title='bbox 317 3267 510 3330; x_wconf 79' lang='lat' dir='ltr'><strong>indignum.1n</strong></span> <span class='ocrx_word' id='word_1_252' title='bbox 531 3285 606 3319; x_wconf 87' lang='lat' dir='ltr'>senso</span> <span class='ocrx_word' id='word_1_253' title='bbox 628 3271 731 3321; x_wconf 88' lang='lat' dir='ltr'><strong>buono:</strong></span> <span class='ocrx_word' id='word_1_254' title='bbox 788 3271 884 3320; x_wconf 78' lang='lat' dir='ltr'><strong>maleto</strong></span> <span class='ocrx_word' id='word_1_255' title='bbox 903 3288 918 3321; x_wconf 85' lang='lat' dir='ltr'><strong>a</strong></span> <span class='ocrx_word' id='word_1_256' title='bbox 936 3275 1052 3322; x_wconf 87' lang='lat' dir='ltr'><strong>Patrasso</strong></span> <span class='ocrx_word' id='word_1_257' title='bbox 1072 3271 1228 3321; x_wconf 82' lang='lat' dir='ltr'><strong>nell’Acuia.</strong></span> 
     </span>
    </p>

    <p class='ocr_par' dir='ltr' id='par_1_15' title="bbox 280 3339 1246 3478">
     <span class='ocr_line' id='line_1_32' title="bbox 280 3339 1246 3407; baseline 0.001 -18"><span class='ocrx_word' id='word_1_258' title='bbox 280 3339 473 3389; x_wconf 87' lang='lat' dir='ltr'><strong>immeritevole.</strong></span> <span class='ocrx_word' id='word_1_259' title='bbox 822 3343 886 3391; x_wconf 86' lang='lat' dir='ltr'><strong>Non</strong></span> <span class='ocrx_word' id='word_1_260' title='bbox 899 3358 968 3406; x_wconf 83' lang='lat' dir='ltr'><strong>queo.</strong></span> <span class='ocrx_word' id='word_1_261' title='bbox 986 3342 1118 3407; x_wconf 84' lang='lat' dir='ltr'><strong>Distingui</strong></span> <span class='ocrx_word' id='word_1_262' title='bbox 1136 3349 1174 3392; x_wconf 87' lang='lat' dir='ltr'><strong>tra</strong></span> <span class='ocrx_word' id='word_1_263' title='bbox 1186 3358 1246 3391; x_wconf 77' lang='lat' dir='ltr'><strong>non</strong></span> 
     </span>
     <span class='ocr_line' id='line_1_33' title="bbox 316 3407 1081 3478; baseline 0.007 -21"><span class='ocrx_word' id='word_1_264' title='bbox 316 3410 362 3458; x_wconf 81' lang='lat' dir='ltr'><strong>illa</strong></span> <span class='ocrx_word' id='word_1_265' title='bbox 368 3407 396 3469; x_wconf 82' lang='lat' dir='ltr'><strong>f.</strong></span> <span class='ocrx_word' id='word_1_266' title='bbox 408 3411 484 3460; x_wconf 82' lang='lat' dir='ltr'><strong>Della</strong></span> <span class='ocrx_word' id='word_1_267' title='bbox 495 3409 627 3463; x_wconf 77' lang='lat' dir='ltr'><strong>schiavitl.</strong></span> <span class='ocrx_word' id='word_1_268' title='bbox 638 3413 733 3478; x_wconf 83' lang='lat' dir='ltr'><strong>Spiega</strong></span> <span class='ocrx_word' id='word_1_269' title='bbox 787 3429 850 3477; x_wconf 82' lang='lat' dir='ltr'><strong>queo</strong></span> <span class='ocrx_word' id='word_1_270' title='bbox 870 3431 885 3464; x_wconf 83' lang='lat' dir='ltr'><strong>e</strong></span> <span class='ocrx_word' id='word_1_271' title='bbox 903 3430 955 3462; x_wconf 79' lang='lat' dir='ltr'><strong>non</strong></span> <span class='ocrx_word' id='word_1_272' title='bbox 970 3421 1081 3478; x_wconf 83' lang='lat' dir='ltr'><strong>possum.</strong></span> 
     </span>
    </p>

    <p class='ocr_par' dir='ltr' id='par_1_16' title="bbox 282 3481 1244 3614">
     <span class='ocr_line' id='line_1_34' title="bbox 282 3481 1244 3548; baseline 0.003 -18"><span class='ocrx_word' id='word_1_273' title='bbox 282 3481 308 3530; x_wconf 84' lang='lat' dir='ltr'><strong>la</strong></span> <span class='ocrx_word' id='word_1_274' title='bbox 327 3481 395 3530; x_wconf 82' lang='lat' dir='ltr'><strong>sorza</strong></span> <span class='ocrx_word' id='word_1_275' title='bbox 414 3483 440 3529; x_wconf 90' lang='lat' dir='ltr'><strong>di</strong></span> <span class='ocrx_word' id='word_1_276' title='bbox 456 3481 510 3531; x_wconf 86' lang='lat' dir='ltr'><strong>illa.</strong></span> <span class='ocrx_word' id='word_1_277' title='bbox 822 3485 911 3548; x_wconf 71' lang='lat' dir='ltr'><strong>Alyzia</strong></span> <span class='ocrx_word' id='word_1_278' title='bbox 937 3485 960 3544; x_wconf 80' lang='lat' dir='ltr'><strong>(i</strong></span> <span class='ocrx_word' id='word_1_279' title='bbox 980 3482 1076 3548; x_wconf 83' lang='lat' dir='ltr'><strong>breve).</strong></span> <span class='ocrx_word' id='word_1_280' title='bbox 1098 3481 1167 3535; x_wconf 78' lang='lat' dir='ltr'><strong>cittt</strong></span> <span class='ocrx_word' id='word_1_281' title='bbox 1185 3484 1244 3533; x_wconf 86' lang='lat' dir='ltr'><strong>nel·</strong></span> 
     </span>
     <span class='ocr_line' id='line_1_35' title="bbox 318 3552 965 3614; baseline 0.008 -14"><span class='ocrx_word' id='word_1_282' title='bbox 318 3565 341 3601; x_wconf 89' lang='lat'><strong>2.</strong></span> <span class='ocrx_word' id='word_1_283' title='bbox 363 3553 445 3601; x_wconf 76' lang='lat' dir='ltr'><strong>Statii.</strong></span> <span class='ocrx_word' id='word_1_284' title='bbox 463 3552 513 3602; x_wconf 65' lang='lat' dir='ltr'><strong>Gis</strong></span> <span class='ocrx_word' id='word_1_285' title='bbox 525 3553 638 3614; x_wconf 85' lang='lat' dir='ltr'><strong>schlavo,</strong></span> <span class='ocrx_word' id='word_1_286' title='bbox 651 3554 732 3605; x_wconf 79' lang='lat' dir='ltr'><strong>allora</strong></span> <span class='ocrx_word' id='word_1_287' title='bbox 786 3553 802 3602; x_wconf 85' lang='lat' dir='ltr'><strong>l&#39;</strong></span> <span class='ocrx_word' id='word_1_288' title='bbox 812 3557 965 3606; x_wconf 76' lang='lat' dir='ltr'><strong>Acarnania.</strong></span> 
     </span>
    </p>

    <p class='ocr_par' dir='ltr' id='par_1_17' title="bbox 279 3622 1243 3760">
     <span class='ocr_line' id='line_1_36' title="bbox 279 3622 1243 3692; baseline 0.005 -21"><span class='ocrx_word' id='word_1_289' title='bbox 279 3622 373 3672; x_wconf 84' lang='lat' dir='ltr'><strong>liberto</strong></span> <span class='ocrx_word' id='word_1_290' title='bbox 392 3623 418 3672; x_wconf 88' lang='lat' dir='ltr'><strong>di</strong></span> <span class='ocrx_word' id='word_1_291' title='bbox 438 3625 534 3687; x_wconf 86' lang='lat' dir='ltr'><strong>Quinto</strong></span> <span class='ocrx_word' id='word_1_292' title='bbox 553 3625 608 3675; x_wconf 91' lang='lat' dir='ltr'><strong>Cic.</strong></span> <span class='ocrx_word' id='word_1_293' title='bbox 822 3625 970 3676; x_wconf 81' lang='lat' dir='ltr'><strong>Leucadem.</strong></span> <span class='ocrx_word' id='word_1_294' title='bbox 998 3627 1037 3676; x_wconf 82' lang='lat' dir='ltr'><strong>La</strong></span> <span class='ocrx_word' id='word_1_295' title='bbox 1066 3625 1184 3692; x_wconf 83' lang='lat' dir='ltr'><strong>penisola</strong></span> <span class='ocrx_word' id='word_1_296' title='bbox 1211 3627 1243 3676; x_wconf 86' lang='lat' dir='ltr'><strong>di</strong></span> 
     </span>
     <span class='ocr_line' id='line_1_37' title="bbox 320 3694 1243 3760; baseline 0.004 -18"><span class='ocrx_word' id='word_1_297' title='bbox 320 3694 355 3742; x_wconf 82' lang='lat' dir='ltr'><strong>Te</strong></span> <span class='ocrx_word' id='word_1_298' title='bbox 373 3699 478 3745; x_wconf 81' lang='lat' dir='ltr'><strong>totum...</strong></span> <span class='ocrx_word' id='word_1_299' title='bbox 496 3695 557 3745; x_wconf 79' lang='lat' dir='ltr'><em>vidi.</em></span> <span class='ocrx_word' id='word_1_300' title='bbox 578 3695 670 3760; x_wconf 79' lang='lat' dir='ltr'><strong>Qnella</strong></span> <span class='ocrx_word' id='word_1_301' title='bbox 685 3696 732 3746; x_wconf 87' lang='lat' dir='ltr'><strong>let·</strong></span> <span class='ocrx_word' id='word_1_302' title='bbox 784 3697 912 3756; x_wconf 82' lang='lat' dir='ltr'><strong>Leucade,</strong></span> <span class='ocrx_word' id='word_1_303' title='bbox 923 3713 968 3748; x_wconf 80' lang='lat' dir='ltr'><strong>ors</strong></span> <span class='ocrx_word' id='word_1_304' title='bbox 981 3698 1046 3748; x_wconf 84' lang='lat' dir='ltr'><strong>isola</strong></span> <span class='ocrx_word' id='word_1_305' title='bbox 1059 3698 1086 3748; x_wconf 91' lang='lat' dir='ltr'><strong>di</strong></span> <span class='ocrx_word' id='word_1_306' title='bbox 1099 3699 1124 3754; x_wconf 90' lang='lat' dir='ltr'><strong>S.</strong></span> <span class='ocrx_word' id='word_1_307' title='bbox 1138 3699 1243 3757; x_wconf 76' lang='lat' dir='ltr'><strong>Maura,</strong></span> 
     </span>
    </p>
   </div>
   <div class='ocr_carea' id='block_1_6' title="bbox 0 0 1398 4326">
    <p class='ocr_par' dir='ltr' id='par_1_18' title="bbox 0 0 1398 4326">
     <span class='ocr_line' id='line_1_38' title="bbox 0 0 1398 4326; baseline 0 2"><span class='ocrx_word' id='word_1_308' title='bbox 0 0 1398 4326; x_wconf 95' lang='lat' dir='ltr'><strong> </strong></span> 
     </span>
    </p>
   </div>
  </div>
 </body>
</html>
