2788 4326
366 360 515 402 nrrsrunn
539 360 582 402 nn
606 360 638 412 Q.
661 359 688 405 r.
735 361 805 404 car.
834 365 861 403 1.
1055 361 1092 421 77

132 507 151 546 a
182 504 232 545 me
265 504 384 562 quoque
418 484 473 545 tibi
499 483 587 545 huius
618 483 772 546 molestiae
802 485 941 546 nuntium
973 485 1095 564 perferri

133 579 282 653 oportere.
322 578 400 634 Nam
417 573 619 653 superioribus
641 574 752 649 litteris,
778 595 840 635 non
864 574 940 648 unis,
963 577 1016 635 sed
1032 577 1097 654 plu·

132 665 225 737 ribus,
250 683 320 724 cum
342 663 403 723 iarn
426 665 465 723 ab
488 663 551 724 aliis
567 665 724 742 desperata
746 684 793 724 res
817 675 902 736 esset,
922 676 1022 725 tamen
1040 664 1097 725 tibi

133 773 190 831 ego
206 772 290 830 spem
313 764 446 812 maturae
462 753 643 814 decessionis
657 755 825 825 afferebam,
852 773 914 814 non
937 757 1042 826 solnm,
1063 765 1099 813 ut

132 861 224 921 quam
247 841 413 902 diutissime
435 853 465 902 te
487 842 618 902 iucunda
647 842 790 920 opinione
821 844 1011 916 oblectarem,
1042 843 1096 903 sed

133 930 224 992 etiam
247 930 318 1008 quia
341 941 423 991 tanta
452 929 652 992 adhibebatur
675 942 705 991 et
727 952 745 990 a
768 931 855 991 nobis
886 942 916 992 et
939 952 956 992 a
979 942 1095 1010 praeto

132 1018 216 1080 ribus
238 1020 400 1094 eontentio,
425 1030 543 1080 utrem
570 1039 658 1098 posse
688 1020 799 1081 confici
825 1040 887 1080 non
917 1020 1095 1082 diffidemm.

133 1111 223 1169 Nunc
245 1108 387 1186 quoniam
404 1107 444 1169 ita
458 1107 574 1181 accidit,
600 1119 633 1169 ut
656 1128 755 1185 neque
778 1121 929 1188 praetores
952 1109 1012 1170 suis
1032 1109 1095 1188 opi·
1121 1130 1140 1168 a

133 1199 192 1259 bus
215 1204 392 1276 neque'nos
415 1209 518 1258 nostro
545 1195 643 1259 studio
666 1197 825 1275 quicquam
858 1202 1001 1276 proficere
1029 1218 1095 1276 pos·

133 1306 242 1361 semus,
273 1297 318 1348 est
340 1285 464 1348 omnino
489 1286 608 1348 difficile
631 1306 694 1347 non
717 1287 843 1365 graviter
869 1286 900 1348 id
924 1290 1008 1362 serre,
1042 1289 1095 1348 sed

133 1385 235 1436 tamen
258 1386 375 1437 nostros
399 1375 515 1436 animos
530 1374 666 1436 maximis
689 1374 720 1435 in
742 1378 832 1436 rebus
854 1387 885 1436 et
903 1375 1041 1454 gerendis
1066 1387 1112 1452 et

133 1464 315 1526 sustinendis
338 1465 512 1525 exercitatos
535 1464 630 1544 frangi
653 1476 684 1525 et
706 1464 856 1525 debilitari
873 1466 1010 1526 molestia
1032 1485 1095 1526 non

132 1563 262 1633 oportet.
313 1556 352 1613 Et
379 1553 521 1631 quoniain
550 1574 586 1616 ea
614 1553 821 1615 molestissime
852 1556 927 1614 ferre
958 1554 1097 1615 homines
1175 1597 1178 1606 ·

133 1645 256 1716 debent,
274 1662 350 1721 quae
366 1642 498 1722 ipsorum
514 1646 603 1722 culpa
618 1654 771 1704 contracta
793 1654 870 1716 sunt,
891 1643 1094 1720 estquiddam

132 1731 291 1793 inhaere
314 1731 387 1793 mihi
407 1732 560 1792 molestius
583 1733 739 1792 ferendum
764 1752 853 1809 quarn
876 1731 947 1793 tibi:
983 1735 1095 1792 factum

133 1831 178 1882 est
201 1820 281 1881 enim
305 1840 372 1881 mea
394 1823 490 1898 culpa,
515 1831 618 1882 contra
641 1841 732 1898 quam
754 1832 784 1881 te
807 1842 925 1882 mecum
953 1833 983 1881 et
1006 1821 1094 1900 profi·

132 1911 247 1972 ciscens
270 1919 300 1970 et
323 1930 377 1989 per
399 1910 511 1970 litteras
534 1929 644 1988 egeras,
670 1922 703 1970 ut
725 1910 822 1988 priore
845 1931 925 1970 anno
944 1931 1006 1971 non
1029 1928 1096 1971 suc·

132 2001 299 2062 cederetur.
341 2001 433 2076 Quod
456 2019 520 2077 ego,
552 2001 625 2060 dum
657 1999 742 2060 saluti
773 1999 922 2060 sociorum
958 2001 1091 2074 consulo

132 2089 206 2149 dum
236 2087 440 2166 impudentiae
465 2108 528 2148 non
551 2090 701 2149 nullorum
730 2087 948 2167 negotiatorum
977 2087 1089 2160 resisto,

132 2177 204 2237 dum
228 2188 360 2237 nostram
388 2177 512 2256 gloriam
543 2188 595 2238 tua
626 2178 733 2238 virtute
760 2177 862 2255 augeri
885 2179 1001 2256 expeto,
1037 2176 1094 2239 feci

131 2285 194 2326 non
218 2265 375 2344 sapienter,
400 2265 572 2344 praesertim
595 2285 664 2327 curn
691 2265 723 2326 id
746 2266 955 2338 commiserim,
987 2278 1020 2327 ut
1042 2266 1094 2327 ille

131 2356 205 2414 alter
228 2374 325 2415 annus
348 2354 437 2415 etiarn
453 2354 572 2416 tertium
589 2366 691 2432 posset
705 2356 864 2419 adducere.
912 2357 1003 2431 Quod
1019 2374 1093 2433 quo·
1118 2375 1140 2434 3

131 2442 213 2504 niam
229 2454 385 2522 peccatum
408 2463 509 2504 meum
533 2463 597 2504 esse
620 2446 772 2516 confiteor,
799 2457 843 2504 est
866 2443 1027 2522 sapientiae
1051 2454 1094 2504 at·

133 2552 191 2610 que
207 2531 399 2593 humanitatis
422 2543 490 2593 tuae
513 2551 617 2596 curare
639 2543 670 2593 et
693 2535 844 2611 perficere,
869 2544 902 2593 ut
917 2535 976 2594 hoc
993 2533 1095 2594 minus

169 2709 238 2759 unis.
258 2710 343 2760 Reudi
361 2710 386 2759 la
405 2711 511 2776 ragione
532 2710 585 2761 del-

132 2781 204 2832 l’uso
223 2780 266 2830 del
285 2781 384 2847 plurale
403 2783 429 2831 di
448 2798 525 2831 unus.

169 2868 219 2902 res.
233 2852 273 2904 Sc.
287 2859 392 2902 matura
410 2854 523 2903 decessio.
536 2852 586 2903 Chi

133 2923 222 2974 usciva
241 2923 267 2972 di
286 2923 370 2973 carica
393 2925 523 2974 decedebat
543 2922 587 2989 (cx

134 3011 151 3045 o
170 2993 199 3043 dc
213 2991 371 3062 prgvbncc'a),
386 2995 427 3045 chi
442 3003 545 3046 entrava
558 2997 586 3045 in

133 3082 180 3117 sua
196 3081 258 3115 vece
271 3065 415 3116 succedebat
425 3065 466 3131 (ci,
480 3067 526 3130 qui
542 3068 585 3115 dc-

133 3133 252 3201 cedebat).

168 3224 185 3257 α
193 3207 365 3272 praetoribus.
378 3208 433 3260 Che
450 3209 584 3259 instavano

133 3273 270 3330 acciocche
289 3281 427 3330 rimanesse
439 3288 545 3330 vacante
566 3279 585 3328 il

131 3366 245 3416 governo
264 3350 333 3401 della
351 3351 484 3417 provincia
496 3350 585 3401 d'Asia

132 3421 212 3486 (assai
224 3419 312 3487 ricca),
327 3439 342 3472 a
355 3422 406 3472 fine
419 3423 445 3472 di
458 3422 584 3473 ottenerlo

132 3494 183 3543 essi
201 3494 281 3544 stessi.
417 3539 421 3546 .

168 3576 192 3614 2.
212 3566 307 3628 opibus.
326 3565 464 3615 Influenza.

168 3642 362 3700 contraquam.
382 3635 528 3686 Altrimenti
551 3635 584 3685 da

135 3706 222 3771 quello
241 3708 288 3758 che
303 3743 327 3759 ..
343 3743 349 3757 .

679 2711 754 2772 Quod
774 2727 827 2761 ecc.
847 2711 972 2762 Cicerone
990 2712 1048 2762 dice
1067 2713 1093 2763 di

641 2797 715 2833 avere
734 2784 844 2833 insistito
862 2800 878 2833 a
896 2786 981 2834 Roma
998 2783 1093 2849 perche

641 2853 708 2903 fosse
732 2863 869 2920 prorogato
892 2855 910 2903 il
934 2871 1047 2919 governo
1078 2871 1094 2903 a

641 2925 739 2988 Quinto
759 2926 843 2975 atine
863 2926 888 2975 di
913 2934 1064 2992 proteggere
1081 2927 1091 2976 i

640 2996 793 3061 provinciali
826 2995 916 3060 (socii),
953 2997 1094 3047 rintuzzare

640 3066 760 3118 l'avidita
780 3069 807 3118 di
829 3069 891 3119 certi
916 3083 968 3118 ecc.
994 3070 1039 3118 Ma
1065 3069 1092 3118 in

639 3138 719 3189 fondo
738 3136 779 3189 cid
802 3139 936 3204 significas
962 3156 1008 3205 per
1032 3135 1095 3189 da're

640 3211 699 3275 agio
719 3225 734 3259 a
746 3211 844 3274 Quinto
863 3211 890 3260 di
903 3211 940 3261 {ar
954 3219 1018 3261 tutto
1031 3227 1093 3276 que·

637 3289 678 3331 sto
697 3281 779 3332 molto
798 3282 894 3346 meglio
919 3282 967 3332 che
993 3298 1046 3332 non
1065 3281 1094 3331 lo

639 3369 726 3402 avesse
744 3352 808 3402 fatto
827 3353 871 3403 nel
888 3355 972 3420 primo
986 3369 1063 3414 anno,
1077 3368 1096 3402 e

639 3424 788 3489 acquistarsi
801 3423 887 3489 quella
900 3426 986 3474 buona
995 3425 1093 3489 riputa-

638 3495 721 3554 aione‚
735 3495 783 3545 che
799 3511 893 3547 ancora
912 3496 940 3546 in
958 3496 995 3546 lui
1014 3497 1035 3545 si
1048 3495 1092 3544 de·

638 3566 764 3617 siderava.
