2788 4326
352 327 501 372 rrrsrota
526 329 568 370 ro
593 328 624 380 Q.
649 329 677 374 r.
724 329 794 373 car.
824 333 883 375 1·e.
1050 331 1092 390 79

125 461 201 520 dum
225 461 438 536 gubernatores
461 457 567 536 optimi
590 457 650 518 vim
673 457 866 535 tempestatis
895 457 937 519 sic
960 456 1003 517 illi
1033 459 1092 518 sor·

126 560 219 609 tunae
242 547 387 625 impetum
410 567 550 624 superare
574 567 635 607 non
657 557 788 624 possent.
844 545 914 606 Tibi
945 548 1015 607 data
1047 557 1119 610 est.

125 658 246 698 summa
262 657 328 714 pax,
347 656 463 696 summa
485 636 692 714 tranquillitas
709 635 751 695 ita
773 648 882 710 tamen,
908 647 941 696 ut
964 657 999 696 ea
1022 637 1092 697 dor·
1159 649 1162 656 '

130 716 276 786 mientem
300 728 532 802 gubernatorem
555 728 604 784 vel
634 728 770 798 obruere,
796 723 969 803 vigilantem
1001 724 1091 786 etiam

126 818 279 876 delectare
302 813 405 892 possit.
453 816 579 874 Constat
602 814 682 874 enim
705 833 741 874 ea
771 814 925 892 provincia
959 814 1089 891 primum
1116 822 1135 879 6

125 923 229 964 exeo
253 923 361 981 genere
386 903 543 976 sociorum,
570 905 652 981 quod
676 915 721 963 est
754 923 789 962 ex
820 903 977 964 hominum
1008 903 1093 962 omni

128 1012 239 1072 genere
256 992 511 1067 humanissimum,
529 991 640 1052 deinde
656 1013 693 1052 ex
711 975 869 1070 eo‘geirere
889 991 1008 1067 civium,
1028 991 1090 1068 qni,

130 1093 183 1143 ant
198 1083 280 1158 quod
297 1081 451 1159 publicani
467 1092 545 1155 sunt,
563 1101 618 1141 nos
635 1101 752 1141 summa
767 1081 986 1156 necessitudine
1003 1079 1092 1141 attin·

130 1182 216 1250 gunt,
232 1181 292 1240 ant,
309 1172 391 1247 qnod
406 1171 447 1230 ita
461 1168 659 1248 negotiantur,
673 1180 706 1230 ut
721 1172 886 1248 loeupIEtes
912 1170 977 1242 sint,
996 1169 1092 1230 nostri

131 1262 302 1322 consulatus
326 1258 473 1320 beneficio
496 1279 528 1318 se
550 1258 715 1320 incolumes
738 1251 871 1320 fortunas
887 1262 998 1320 habere
1014 1258 1091 1318 arbi-

129 1360 257 1410 trantur.
299 1352 357 1408 ‘At
380 1350 460 1408 enim
476 1347 553 1408 inter
568 1351 625 1408 hos
640 1348 721 1426 ipsos
737 1347 880 1408 exsistunt
894 1369 999 1425 graves
1019 1368 1088 1409 con·

1116 1311 1138 1376 2

132 1437 304 1512 troversiae,
321 1441 432 1498 multae
449 1448 611 1518 nascuntur
627 1437 759 1506 iniuriae,
777 1458 902 1514 magnae
923 1437 1090 1498 contentio·
1120 1419 1136 1478 7

133 1548 188 1587 nes
210 1528 453 1603 consequuntur.’
506 1526 599 1602 Quasi
629 1547 700 1586 vero
731 1545 787 1604 ego
819 1526 850 1585 id
884 1538 999 1604 putem,
1031 1546 1095 1586 non

130 1627 163 1676 te
186 1616 371 1692 aliquantum
396 1615 509 1692 negotii
532 1615 686 1675 sustinere.
731 1617 878 1693 Intellego
898 1634 1096 1693 permagnum

133 1725 198 1766 esse
229 1705 382 1783 negotium
405 1715 435 1764 et
458 1703 580 1764 maximi
602 1703 726 1774 consilii,
751 1707 805 1765 sed
836 1715 988 1765 memento
1020 1723 1096 1764 con-

131 1793 190 1854 silii
213 1815 261 1854 me
285 1795 343 1854 hoc
366 1812 429 1853 esse
453 1793 605 1871 negotium
629 1794 722 1872 magis
744 1793 898 1870 aliquanto
921 1813 1012 1870 quam
1036 1795 1095 1854 for·

134 1895 225 1943 tunae
249 1894 362 1960 putare.
409 1882 491 1958 Quid
518 1891 562 1943 est
589 1882 670 1943 enirn
700 1882 813 1960 negotii
844 1881 997 1944 continere
1030 1901 1092 1955 eos

131 1972 243 2050 quibus
266 1971 386 2050 praesis
411 1971 435 2030 si
458 1982 487 2031 te
510 1971 574 2050 ipse
589 1971 765 2032 contineas?
803 1973 840 2032 Id
862 1983 962 2032 autem
979 1971 1017 2032 sit
1031 1991 1094 2030 ma-

133 2081 227 2140 gnum
250 2072 281 2120 et
303 2060 423 2122 difficile
445 2061 559 2134 ceteris,
588 2061 664 2122 sicut
696 2072 740 2121 est
770 2059 997 2121 difficillimum:
1037 2057 1094 2120 tibi

133 2163 165 2211 et
180 2151 235 2210 fuit
251 2153 309 2210 hoc
325 2169 443 2227 semper
457 2149 641 2224 facillimum,
659 2160 688 2210 et
703 2170 774 2211 vero
790 2169 854 2210 esse
878 2149 991 2222 debuit,
1009 2148 1095 2209 euius

172 2326 197 2376 6.
216 2326 437 2374 burnonissimum.
450 2324 546 2376 Perche
563 2327 588 2375 le

135 2397 309 2462 popolazioni,
330 2398 378 2446 che
400 2397 537 2446 abitavano
562 2397 588 2446 la

136 2470 269 2534 provincia
288 2469 311 2517 d'
322 2469 391 2529 Asia,
408 2484 486 2525 erano
507 2476 545 2518 tra
564 2469 588 2518 le

136 2537 181 2606 piir
200 2540 278 2589 civili.
298 2541 349 2590 Cir.
371 2541 467 2589 Introd.
508 2565 513 2569 ·

168 2611 309 2675 publicani.
334 2609 495 2676 Appaltatori
521 2611 589 2660 delle

137 2684 255 2748 imposte,
270 2682 349 2732 simili
368 2683 393 2730 ai
405 2684 531 2744 sereniers
547 2677 588 2746 ge'·

136 2749 247 2812 ne'ranx,
259 2753 306 2802 che
316 2755 459 2804 esistevano
472 2755 500 2803 in
510 2755 590 2804 Fran·

135 2827 176 2874 cia
195 2826 278 2892 prima
298 2825 366 2873 della
387 2825 552 2875 risoluzione.

171 2911 271 2946 summa
290 2896 478 2944 necessitudine.
493 2898 506 2946 1
524 2897 588 2962 pub·

137 2968 233 3017 blicani
242 2968 590 3032 appartenevano,comeCi·

135 3055 230 3089 cerone
243 3036 302 3100 (che
315 3053 415 3102 sempre
424 3039 504 3088 difese
515 3039 523 3087 i
533 3038 589 3088 loro

137 3107 273 3172 interemi),
292 3108 426 3158 all¹ordine
445 3118 571 3174 equestre.

173 3182 346 3244 negotiantur.
378 3181 390 3228 I
421 3181 589 3244 negotiatores

136 3269 216 3302 erano
242 3251 373 3301 banchieri
399 3267 413 3301 e
434 3253 590 3316 speculatori

138 3324 186 3374 che
204 3324 329 3372 facevano
348 3322 419 3371 affari
441 3323 469 3371 in
494 3324 591 3387 grande

138 3395 207 3445 nelle
216 3395 357 3459 provincie.
368 3420 396 3428 -
406 3409 432 3442 n.
446 3395 542 3442 consul.
553 3395 592 3442 be·

138 3465 233 3525 nefiee'o.
247 3466 301 3516 Cic.
312 3465 397 3514 allude
407 3463 459 3514 alla
469 3466 592 3530 congiura

138 3538 165 3585 di
184 3537 304 3600 Catilina,
324 3538 358 3586 da
376 3537 413 3586 lni
432 3544 554 3586 sventata.

173 3679 323 3728 Sammorir.
351 3680 374 3730 Il
398 3680 463 3746 Cap.
486 3691 501 3727 2
529 3695 590 3730 con·

642 2327 727 2376 tiene:
748 2326 914 2377 Esortazione
940 2327 965 2374 al
990 2326 1097 2375 disinte-

642 2413 710 2447 resse
729 2399 761 2447 ed
780 2398 832 2446 alla
850 2398 1038 2446 moderazione.

679 2467 750 2534 (lup.
769 2465 799 2530 2,
821 2479 845 2530 7.
866 2469 902 2516 Ae
919 2473 993 2517 enim.
1014 2469 1098 2518 Intro·

643 2540 708 2590 duce
727 2539 913 2602 un'obiezione,
934 2540 989 2589 ele
1008 2541 1098 2588 conie-

643 2613 707 2661 risce
727 2613 778 2660 allo
798 2621 878 2661 stesso
898 2619 984 2676 tempo
997 2612 1096 2675 signifi-

643 2691 701 2733 cato
721 2683 830 2733 causale.
844 2683 1010 2732 L’obiezione
1023 2680 1037 2730 ὲ
1050 2683 1096 2747 poi

643 2754 798 2804 idealmente
820 2755 950 2804 attribuite
978 2771 993 2801 a
1019 2755 1096 2811 colui,

644 2826 668 2874 al
688 2823 797 2889 qualee
821 2826 913 2875 rivolto
939 2825 958 2873 il
982 2825 1097 2874 discorso

643 2915 679 2935 =
691 2898 737 2946 Ma
751 2903 777 2946 tn
791 2897 855 2946 dirai
868 2897 916 2946 ohe
929 2896 954 2944 la
968 2912 1028 2946 cosa
1043 2913 1098 2946 non

644 2965 658 3016 ὲ
671 2975 743 3018 tanto
756 2967 839 3026 facile,
853 2963 947 3032 poiche
961 2982 1014 3017 ecc.
1026 2967 1098 3016 Nota

644 3038 669 3088 la
688 3039 862 3108 collocazione
881 3038 977 3087 variata
997 3038 1099 3088 achia·

644 3125 700 3160 smo
719 3111 787 3174 degli
815 3110 945 3174 aggettivi,
964 3109 1099 3159 sostantivi

645 3182 756 3231 everbi.

683 3252 764 3312 Quasi
780 3266 848 3299 vero.
864 3251 1101 3316 Argomentazione

647 3322 789 3388 apagogica
808 3319 934 3387 (deductio
952 3323 989 3370 ad
1008 3323 1101 3372 absur-

646 3393 719 3456 dum)
737 3395 813 3444 mista
831 3393 854 3442 d'
869 3394 960 3443 ironia.

681 3470 802 3514 memento
821 3480 874 3514 ecc.
900 3466 927 3516 Si
952 3464 1067 3515 riferisce
1086 3481 1103 3513 a

646 3544 743 3602 quanto
762 3537 831 3586 disse
849 3536 873 3585 al
893 3534 911 3600 ξ
932 3549 958 3599 3.

681 3613 705 3655 te
723 3609 783 3672 ipse.
796 3609 819 3657 Il
838 3617 953 3658 contesto
972 3606 1102 3656 richiede·

645 3680 724 3730 rebbe
742 3679 826 3744 ipsum
844 3677 951 3745 (perche
961 3676 991 3743 l),
1001 3693 1044 3727 ma
1056 3677 1103 3728 Ci-
