2788 4326
328 325 368 378 66
698 335 847 378 umsruna
874 324 926 397 5⁶·

320 461 538 536 transfuderim,
555 483 645 539 quam
660 462 790 538 aliquam
812 474 928 540 partem
944 463 1130 522 exhauserim
1146 483 1184 523 ex
1198 463 1276 525 tuis.

321 557 397 610 llam
428 573 496 612 cum
526 563 557 612 te
587 572 705 628 semper
735 551 1041 622 tantum-dilexerim,
1067 563 1216 630 quantum
1245 564 1277 612 tu

319 642 491 718 intellegere
507 641 636 719 potuisti,
653 655 717 699 tum
733 640 779 700 his
798 640 856 700 tuis
871 641 955 701 factis
974 641 1018 701 sic
1039 641 1180 702 incensus
1203 661 1277 715 sum,

321 740 354 790 ut
376 730 450 789 nihil
473 751 606 806 unquam
629 730 660 788 in
686 750 788 791 amore
811 730 899 790 luerit
928 729 1095 790 ardentius:
1136 732 1213 791 nihil
1234 742 1277 790 est

320 819 411 890 enim,
429 819 503 879 mibi
519 821 617 893 crede,
629 817 737 877 virtute
754 818 919 889 formosius,
937 818 1011 877 nihil
1027 819 1189 896 pulchrius,
1203 820 1276 879 nihil
1357 849 1359 856 ¹

279 925 294 984 5
321 908 486 986 amabilius.
532 912 656 984 Semper
677 908 783 981 amavi,
808 918 842 966 ut
864 908 929 981 scis,
954 911 998 966 M.
1014 912 1140 967 Brutum
1156 920 1276 986 propter

321 998 384 1058 eius
405 1017 554 1056 summum
574 996 735 1073 ingenium,
754 996 942 1074 suavissimos
964 1017 1071 1068 mores,
1097 998 1275 1076 singularem

319 1085 499 1165 probitatem
522 1097 611 1162 atque
641 1086 856 1146 constantiam:
903 1097 1004 1147 tamen
1034 1086 1139 1147 Idibus
1163 1087 1277 1146 Martiis
1369 1103 1370 1140 1

320 1186 435 1235 tantum
458 1175 582 1235 accessit
612 1177 649 1234 ad
676 1195 817 1247 amorem,
842 1187 876 1234 ut
906 1173 1028 1234 mirarer
1054 1178 1157 1237 locum
1183 1176 1276 1235 ¹fuisse

319 1263 450 1340 augendi
465 1264 496 1322 in
519 1283 566 1337 eo,
584 1266 666 1340 quod
685 1263 757 1322 mihi
773 1262 831 1323 iam
847 1264 964 1342 pridem
980 1267 1165 1324 cumulatum
1187 1265 1275 1324 etiam
1369 1307 1370 1329 i

319 1353 486 1413 videbatur.
525 1352 600 1429 Quis
613 1365 682 1424 erat,
693 1352 744 1428 qui
760 1365 878 1429 putaret
892 1354 931 1413 ad
946 1373 1015 1412 eum
1031 1373 1175 1428 amorem,
1189 1374 1277 1432 quem

320 1461 390 1520 erga
404 1453 434 1502 te
457 1444 615 1516 habebam,
632 1461 719 1518 posse
741 1442 853 1518 aliquid
868 1443 1032 1502 accedere?
1074 1446 1209 1503 Tantum
1232 1464 1276 1504 ac·

321 1529 417 1604 cessit,
442 1542 475 1591 ut
497 1531 570 1590 mihi
594 1551 675 1590 nunc
698 1531 829 1608 denique
858 1551 958 1590 amare
981 1531 1093 1604 videar,
1123 1543 1213 1592 antea
1235 1533 1276 1592 di·

277 1623 295 1680 6
320 1620 435 1681 lexisse.
482 1622 551 1695 Qua
572 1639 604 1680 re
627 1619 701 1695 quid
725 1630 776 1692 est,
802 1621 885 1696 quod
912 1640 968 1698 ego
990 1630 1020 1679 te
1043 1623 1154 1693 horter,
1180 1632 1215 1680 ut
1237 1620 1278 1680 di-

319 1708 425 1787 gnitati
447 1719 478 1768 et
499 1709 610 1786 gloriae
634 1707 760 1768 servias?
805 1713 976 1786 Propouam
997 1708 1054 1768 tibi
1077 1713 1172 1770 claros
1187 1709 1273 1784 viros,

320 1799 404 1876 quod
426 1801 522 1858 facere
549 1800 647 1857 solent
669 1797 720 1874 qui
750 1800 932 1858 hortantur?
992 1799 1153 1859 Neminem
1180 1801 1276 1859 habeo

320 1885 476 1948 clariorem
499 1905 589 1963 quam
616 1898 646 1946 te
670 1885 787 1963 ipsum:
830 1897 860 1946 te
882 1886 1000 1946 imitere
1022 1898 1150 1964 oportet,
1176 1900 1274 1950 tecum

320 1975 385 2054 ipse
409 1985 519 2049 certes;
556 1995 595 2034 ne
617 1974 687 2036 licet
709 1975 831 2052 quidem
852 1975 908 2034 tibi
930 1974 990 2034 iam
1005 1976 1095 2036 tantis
1117 1979 1208 2036 rebus
1229 1996 1276 2054 ge·

279 2081 295 2139 7
322 2063 373 2124 stis
395 2084 459 2124 non
474 2063 518 2124 tui
540 2062 665 2123 similem
689 2083 763 2123 esse.
810 2066 903 2140 Quod
925 2084 994 2124 cum
1016 2065 1058 2124 ita
1080 2064 1127 2140 sit,
1148 2064 1276 2126 hortatio

321 2173 384 2214 non
407 2163 452 2213 est
475 2153 659 2228 necessaria,
697 2153 892 2230 gratulatione
916 2152 1009 2231 magis
1035 2157 1184 2215 utendum
1212 2157 1275 2216 est:

320 2241 447 2319 contigit
469 2241 549 2302 enim
572 2242 627 2302 tibi
650 2243 732 2319 quod
755 2243 835 2302 haud
859 2241 920 2302 scio
943 2263 982 2302 au
1005 2244 1128 2316 nemini,
1147 2255 1179 2303 ut
1202 2265 1278 2303 sum·

320 2352 370 2390 ma
393 2331 532 2391 severitas
555 2330 819 2390 animadversionis
836 2352 898 2391 non
922 2332 1014 2391 modo
1037 2352 1099 2392 non
1121 2332 1277 2405 invidiosa,

321 2422 374 2479 sed
398 2419 487 2480 etiam
511 2419 662 2498 popularis
685 2431 763 2479 esset
786 2430 816 2479 et
842 2440 911 2481 cum
940 2419 1028 2481 bonis
1050 2421 1193 2493 omuibus
1215 2432 1277 2481 tum

320 2509 423 2568 infimo
448 2505 556 2584 cuique
578 2508 753 2585 gratissima.
796 2512 867 2569 Hoc
889 2508 914 2567 si
937 2509 992 2568 tibi
1014 2513 1133 2570 fortuna
1149 2511 1278 2587 quadam

320 2595 500 2673 contigisset,
524 2599 686 2674 gratularer
708 2595 839 2657 felicitati
863 2610 931 2657 tuae
946 2615 970 2674 :¹
994 2600 1047 2659 sed
1070 2599 1197 2676 contigit
1219 2619 1278 2658 ma·

320 2684 478 2762 gnitudine
500 2704 569 2745 cum
592 2685 684 2745 animi
707 2697 771 2745 tum
791 2686 880 2745 etiam
896 2685 1009 2764 ingenii
1031 2698 1122 2765 atque
1145 2687 1277 2748 consilii:

320 2772 378 2851 legi
402 2773 483 2834 enim
506 2773 677 2834 contionem
700 2785 792 2836 tuam.
840 2775 922 2835 Nihil
945 2775 996 2836 illa
1019 2776 1200 2855 sapientius:
1239 2776 1278 2836 ita

357 2967 587 3032 transfuderim...
601 2968 769 3018 exhauserim.
863 2987 993 3024 amare...
1024 2972 1151 3021 dilexisse.
1183 2973 1280 3020 Amare

320 3041 362 3090 Da
381 3034 771 3102 checosattoltatimaginel
826 3042 937 3106 imporra
966 3044 1052 3094 affetto
1077 3045 1125 3092 che
1153 3045 1214 3093 vien
1238 3043 1280 3091 dal
1369 3086 1370 3108 ,

356 3127 455 3160 cum...
474 3111 614 3159 dilexerim.
628 3110 686 3160 Con
704 3126 770 3168 carra,
826 3129 920 3176 cuore;
939 3115 1043 3177 diligere
1064 3112 1078 3162 ὲ
1104 3117 1195 3165 invece
1220 3115 1279 3164 affe·
1369 3115 1370 3136 ³

320 3183 471 3233 correlativo
490 3182 516 3230 di
535 3179 625 3243 tum,e
644 3191 770 3232 ammessb
826 3185 899 3233 zlone
919 3186 1126 3249 prodotta.dalla
1145 3187 1230 3235 stima„

320 3261 392 3303 tanto
411 3254 430 3302 il
449 3269 523 3317 cong.
544 3254 592 3303 che
610 3253 714 3302 l’indic.
862 3256 886 3305 6.
910 3264 1064 3318 propanam.
1086 3259 1209 3322 Dipende
1231 3272 1279 3307 an·
1369 3271 1370 3322 ᾗ

355 3325 458 3374 virtute.
478 3324 508 3373 In
527 3341 601 3374 senso
620 3327 748 3374 Romano.
825 3325 865 3374 ch'
877 3343 933 3376 esso
953 3329 986 3377 da
1004 3330 1078 3391 quad.
1369 3385 1370 3396 ¹

359 3397 396 3444 Id.
416 3397 499 3445 Mart.
518 3396 540 3444 Il
562 3397 653 3460 giorno
678 3396 725 3445 che
745 3395 771 3444 fu
863 3407 885 3458 7.
902 3400 1045 3461 popularis.
1065 3399 1134 3464 Qui:
1161 3407 1235 3465 grato
1253 3396 1278 3446 al

319 3468 406 3517 ucciso
425 3469 526 3518 Cesare.
825 3468 937 3533 popolo;
957 3487 999 3518 ma
1011 3486 1099 3537 spesso
1112 3471 1170 3522 vale
1184 3469 1275 3521 anche:

357 3549 380 3602 5.
400 3554 497 3602 quem...
517 3537 641 3587 habebam.
664 3537 769 3602 Espres·
825 3539 1003 3605 demagogieo.

318 3610 391 3660 sione
410 3610 513 3676 propria
533 3610 601 3659 dello
620 3609 678 3660 stile
697 3609 770 3658 fami·
860 3617 924 3660 cant.
939 3613 969 3662 In
989 3613 1054 3662 altro
1072 3629 1149 3664 senso
1162 3613 1205 3663 all’
1215 3609 1280 3676 Epi·

317 3681 389 3730 liare.
824 3681 941 3747 stolas
909 3689 987 3748 55
