2788 4326
506 371 654 415 uais‘rutl
684 375 788 434 13·¹4·
1083 375 1118 414 11

170 491 282 555 litteras
298 515 316 555 a
331 495 467 557 Maridne
490 500 632 575 putabam
655 481 703 558 me
721 507 922 575 accepturum.
969 498 1122 573 Quantum

170 603 220 644 me
242 583 350 662 diligis,
375 595 489 646 tantum
513 589 567 660 fac,
593 596 625 646 ut
641 589 748 661 valeas,
770 588 817 646 vel
834 596 978 665 quantum
992 595 1022 646 te
1037 607 1055 645 a
1073 605 1125 646 me

170 671 228 733 scis
250 672 343 751 diligi.
389 676 468 738 Non.
494 677 658 742 Novembr.
682 673 794 754 Alyzia.

617 989 675 1058 14.

241 1225 416 1285 TULLIUS
439 1225 494 1283 ET
516 1223 668 1284 CICERO
691 1223 837 1284 TIRONI
859 1223 939 1306 ΒΨ)
962 1225 991 1284 S.
1014 1226 1052 1286 D.

337 1381 342 1390 -
388 1349 443 1406 ΕΤ
465 1348 504 1424 Q.
527 1347 664 1406 PATER
686 1348 741 1405 ET
762 1347 902 1409 FILIUS.

213 1651 276 1710 Nos
297 1650 378 1728 apud
411 1649 552 1727 Alyziam,
585 1669 622 1709 ex
648 1667 710 1726 quo
735 1650 804 1709 loco
832 1646 887 1708 tibi
912 1647 1024 1708 litteras
1053 1658 1122 1708 ante
1150 1671 1166 1709 ι

167 1740 354 1812 dederamus,
371 1758 465 1798 unum
480 1737 560 1799 diem
576 1736 752 1798 commorati
767 1755 877 1810 sumus,
895 1738 977 1813 quod
992 1735 1121 1814 Quintus

167 1847 224 1889 nos
245 1837 421 1889 consecutus
436 1847 498 1887 non
514 1836 593 1887 erat:
627 1826 652 1886 is
676 1825 740 1886 dies
762 1825 817 1885 fuit
832 1827 937 1887 Nonae
957 1828 1120 1886 Novembr.

167 1918 243 1977 Inde
265 1927 335 1977 ante
361 1918 458 1977 lucem
486 1916 713 1994 proficiscentes,
742 1925 812 1975 ante
844 1914 924 1975 diem
956 1932 1019 1978 vm.
1052 1916 1123 1975 Idus

167 2007 331 2067 Novembr.
348 2006 401 2066 has
416 2005 528 2065 litteras
543 2004 689 2066 dedimus.
728 2006 785 2076 Tu,
810 2003 835 2063 si
850 2023 906 2064 nos
923 2023 1027 2064 omnes
1042 2023 1123 2063 amas

167 2104 198 2155 et
221 2094 379 2172 praecipue
402 2113 460 2166 me,
486 2093 658 2171 magistrum
688 2102 782 2167 tuum,
807 2095 949 2152 confirma
976 2102 1015 2154 te.
1057 2095 1121 2170 Ego
1148 2114 1169 2152 a

166 2183 256 2244 valde
286 2202 429 2261 suspenso
456 2182 556 2242 animo
587 2191 734 2260 exspecto,
770 2180 900 2258 primum
935 2191 964 2241 te
1000 2179 1122 2253 seilicet,

166 2269 278 2332 deinde
301 2271 466 2332 Maridnem
490 2291 557 2333 cum
587 2270 644 2330 tuis
673 2269 785 2331 litteris.
831 2271 945 2330 Omnes
975 2272 1120 2348 cupimus,

167 2380 224 2438 ego
247 2359 412 2438 inprimis,
437 2380 527 2438 quam
551 2359 679 2437 primum
703 2370 732 2420 te
751 2358 861 2430 videre,
886 2360 950 2430 sed,
974 2358 1016 2419 mi
1039 2358 1121 2435 Tiro,

166 2452 328 2511 valentem.
367 2450 435 2525 Qua
450 2469 482 2508 re
497 2448 571 2509 nihil
589 2448 773 2526 properaris:
801 2447 870 2508 satis
884 2446 943 2508 cito
959 2457 989 2507 te
1009 2446 1122 2522 videro,

167 2538 193 2600 si
216 2538 338 2600 valebis.
385 2536 571 2599 Utilitatibus
593 2536 651 2598 tuis
673 2555 795 2616 possum
819 2541 938 2611 carere3
973 2547 1003 2597 te
1026 2538 1127 2596 valere

167 2637 219 2688 tua
243 2646 331 2688 causa
354 2625 482 2704 primum
505 2628 585 2701 volo,
609 2636 674 2686 tum
696 2645 771 2698 mea,
796 2625 837 2684 mi
859 2625 941 2686 Tiro.
986 2627 1071 2687 Vale.

140 2951 146 2968 ·
167 2943 182 2978 e
200 2927 226 2978 la
244 2927 306 2979 eitta
324 2927 435 2994 capitale
457 2926 526 2978 della
544 2930 618 2994 peni·
699 2927 830 2989 'Quintum
850 2929 891 2979 Se.
907 2926 1004 2987 Cicero,
1017 2942 1063 2978 suo
1076 2927 1125 2977 fra·

166 2999 229 3050 sola.
673 3001 743 3051 tello.

203 3071 286 3119 stada
307 3070 389 3120 CXX.
414 3073 473 3123 Uno
491 3071 575 3121 stadio
597 3072 618 3121 si
708 3076 768 3120 ante
785 3070 850 3119 diem
867 3085 921 3120 ecc.
941 3073 1037 3136 Questa
1050 3071 1125 3134 irase,

166 3142 345 3208 ragguagliaa
364 3155 414 3191 120
427 3141 496 3207 passi
510 3143 617 3200 romani,
673 3157 722 3192 con
745 3142 786 3192 cui
808 3141 817 3190 i
840 3144 951 3192 Romani
971 3144 1128 3193 indicavano

166 3214 234 3262 ossia
253 3230 268 3263 a
287 3214 360 3264 metri
382 3213 439 3275 167.
674 3215 753 3264 molte
767 3210 955 3277 dateestrana,
963 3211 1057 3280 perche
1066 3219 1128 3263 ante

202 3283 331 3334 Marione.
351 3285 462 3336 Sehiavo
481 3284 507 3332 di
527 3285 610 3334 Cicer.
674 3300 727 3335 non
750 3285 899 3349 appartiene
916 3285 1124 3350 logicamentea

198 3357 330 3418 putabam.
344 3354 499 3420 VediEp.5
519 3364 581 3406 nota
595 3367 619 3406 2.
673 3356 746 3415 a'iem,
771 3371 813 3403 ma
838 3371 853 3404 a
878 3355 942 3404 Idus
966 3355 994 3420 (ο
1020 3356 1081 3404 Kal.
1107 3372 1128 3406 ο

203 3422 324 3491 uult.
343 3428 436 3479 Seritta
448 3427 481 3476 da
500 3427 620 3477 Leucade
674 3426 765 3486 Nom).
785 3427 816 3476 V.
835 3426 860 3475 le
880 3425 1078 3478 Grammatiche.

166 3494 185 3544 1’
195 3511 263 3548 anno
288 3507 341 3561 704
363 3495 410 3562 (50
433 3514 472 3549 av.
493 3496 555 3561 Cu),
581 3497 620 3547 sui
709 3496 860 3560 magistrum
880 3504 898 3547 t.
922 3498 989 3548 Vedi
1008 3498 1055 3564 Ep.
1083 3509 1128 3560 Η,

167 3567 244 3632 primi
263 3570 289 3620 di
307 3571 454 3620 novembre.
673 3568 863 3618 Introduzione.

205 3652 228 3689 1.
246 3641 401 3690 dederamus.
429 3639 497 3690 Vedi
519 3640 567 3705 Ep.
595 3648 619 3703 5,
710 3651 734 3689 2.
744 3638 814 3688 nihil
815 3641 1055 3704 properaris=ne
1062 3647 1127 3705 pro-

165 3717 228 3761 uota
247 3721 272 3760 2.
666 3710 782 3774 pararis.
