2788 4326
612 365 759 407 EPISTULA
786 367 893 410 21·22.

718 573 776 642 21.

547 721 697 782 CICERO
720 722 893 781 MEMMIO
917 724 946 784 S.

313 935 351 991 A.
376 933 503 1005 Fufium,
528 951 620 992 unum
640 951 676 992 ex
699 931 773 993 meis
788 930 908 1005 intimis,
930 930 1225 993 observantissimum

269 1018 575 1097 studiosissimumque
590 1021 691 1094 nostri,
717 1021 866 1082 eruditum
886 1020 1038 1082 hominem
1063 1030 1093 1081 et
1108 1041 1230 1082 summa

268 1107 452 1168 humanitate
465 1119 575 1185 tuaque
587 1109 716 1172 amicitia
728 1109 943 1188 dignissimum,
954 1109 1044 1170 velim
1053 1109 1094 1169 ita
1105 1119 1228 1186 tractes,

268 1206 303 1256 ut
332 1196 406 1256 mihi
431 1217 531 1258 coram
561 1198 705 1276 recepisti.
753 1202 829 1259 Tam
859 1210 975 1277 gratum
1002 1197 1076 1259 mihi
1098 1198 1130 1258 id
1158 1199 1224 1272 erit,

269 1303 360 1360 quam
385 1287 468 1363 quod
491 1285 705 1364 gratissimum
739 1287 838 1364 ipsum
861 1298 1012 1366 praeterea
1041 1307 1158 1348 summo
1181 1289 1228 1348 os·

267 1373 337 1434 ficio
353 1384 383 1434 et
401 1394 516 1434 summa
532 1375 719 1437 observantia
733 1375 787 1436 tibi
802 1377 834 1436 in
852 1387 1030 1456 perpetuum
1045 1375 1226 1441 devinxeris.

711 1621 771 1687 22.

531 1766 683 1827 CICERO
706 1765 953 1828 CORNIFICIO.

311 1997 345 2057 C.
370 1993 502 2067 Anicius,
536 1993 686 2055 familiaris
708 2014 801 2069 meus,
834 1994 878 2055 vir
901 1993 1041 2055 omnibus
1062 1997 1151 2055 rebus
1175 2014 1224 2056 or·

264 2093 362 2158 natus,
388 2083 574 2161 negotiorum
598 2103 718 2144 suorum
742 2103 831 2145 causa
853 2086 965 2162 legatus
982 2092 1026 2143 est
1041 2082 1073 2144 in
1088 2083 1222 2146 Africam

263 2172 413 2252 legatione
439 2173 551 2233 libera:
591 2191 661 2231 eum
686 2172 776 2234 velim
806 2174 895 2233 rebus
923 2170 1062 2232 omnibus
1087 2172 1221 2249 adinves,

264 2280 447 2340 operamque
474 2263 535 2334 des,
569 2271 601 2322 ut
630 2279 719 2337 quam
750 2259 990 2322 commodissime
1018 2280 1071 2320 sua
1100 2261 1223 2340 negotia

263 2349 418 2425 conficiat3
454 2349 486 2411 in
507 2349 679 2428 primisque,
703 2352 785 2428 quod
801 2350 829 2410 ei
847 2349 1029 2411 carissimum
1046 2360 1098 2423 est,
1123 2350 1219 2428 digni·

262 2449 354 2500 tatem
379 2439 441 2499 eius
464 2438 518 2499 tibi
533 2440 721 2512 commendo,
746 2438 837 2518 idque
860 2450 930 2499 ate
953 2449 1032 2516 peto,
1057 2439 1139 2516 quod
1154 2439 1222 2516 ipse

262 2527 295 2588 in
312 2527 465 2605 provincia
480 2531 575 2588 facere
592 2547 657 2588 sum
674 2528 777 2588 solitus
800 2548 862 2589 non
877 2539 1004 2606 rogatus,
1030 2538 1063 2588 ut
1078 2527 1222 2588 omnibus

263 2616 449 2676 senatoribus
472 2616 590 2677 lictores
613 2618 736 2692 darem;
772 2619 854 2694 quod
876 2617 957 2676 idem
980 2635 1161 2694 acceperam,
1187 2629 1222 2678 et

260 2705 293 2764 id
316 2724 515 2782 cognoveram
537 2726 556 2765 a
578 2705 700 2766 summis
722 2705 793 2766 viris
815 2705 988 2785 factitatum.
1026 2708 1096 2766 Hoc
1118 2703 1217 2782 igitur,

294 2915 350 2983 Ep·
367 2914 415 2970 21.
436 2920 526 2970 scritta
541 2921 573 2968 da
592 2921 676 2969 Roma
695 2935 710 2967 a

259 2991 287 3040 C.
311 2991 444 3050 Memmio,
469 2991 534 3040 forse
559 2992 665 3040 durante
690 2990 710 3038 il

259 3063 342 3110 costui
362 3062 435 3111 esilio
455 3079 469 3110 a
489 3063 605 3111 Mitilene
625 3060 708 3122 (704).

258 3132 282 3179 Α
297 3139 386 3196 questo
399 3133 426 3183 C.
448 3134 572 3182 Memmio
587 3133 709 3182 Lucrezio

257 3201 350 3254 dedico
369 3202 388 3252 il
407 3220 453 3253 suo
466 3221 559 3269 poema
573 3206 602 3252 de
619 3218 709 3251 rerum

256 3283 362 3324 natura.

311 3353 343 3394 ut
354 3345 417 3393 mihi
426 3362 511 3394 coram
524 3345 644 3410 recepisti.
659 3345 709 3394 Co·

180 3453 182 3458 .
257 3435 299 3467 me
329 3417 365 3466 mi
395 3420 552 3482 promettesti
589 3418 615 3466 di
652 3431 709 3480 pre-

256 3505 349 3624 ³01¹ss
363 3555 408 3609 22.
422 3560 513 3610 Scritta
523 3561 565 3609 nel
577 3571 634 3621 710,
650 3574 707 3622 pro-

256 3631 415 3680 babilmente
428 3633 461 3680 da
473 3635 563 3689 Roma,
578 3649 592 3678 a
604 3632 634 3693 Q.
646 3629 707 3676 Cor·

255 3703 352 3760 nificio,
373 3703 420 3751 che
440 3703 466 3751 in
479 3703 538 3768 quel
558 3712 644 3766 tempo
663 3717 707 3764 go·

764 2934 873 2967 vernava
889 2918 931 2983 pel
944 2927 1032 2968 senato
1046 2920 1070 2968 la
1084 2920 1219 2984 provincia

765 2988 893 3040 d’AIrIca.¹

800 3060 921 3124 legatione
934 3061 1020 3109 libera.
1038 3063 1109 3112 Sotto
1125 3070 1219 3128 questo

763 3132 880 3195 specioso
899 3132 972 3181 titolo
992 3133 1123 3182 isenatori
1141 3133 1214 3199 viag·

763 3204 873 3266 giavano
898 3220 944 3267 per
968 3204 993 3252 le
1018 3203 1149 3268 provincie
1173 3221 1216 3254 ro·

763 3289 839 3321 mane
862 3289 876 3320 a
894 3290 968 3339 spese
990 3275 1031 3324 dei
1052 3275 1217 3340 provincittli,

763 3345 874 3393 sebbene
894 3361 1017 3394 -come
1039 3347 1096 3395 dice
1115 3354 1215 3411 aperta·

763 3425 848 3464 mente
868 3416 950 3465 anche
963 3415 1088 3467 Cicerone
1107 3442 1140 3450 —
1160 3433 1216 3467 non

763 3486 923 3537 v'andassero
937 3487 984 3536 che
999 3489 1041 3553 pei
1054 3489 1108 3537 loro
1121 3488 1215 3552 privati

764 3557 887 3606 interessi.

799 3628 905 3676 lictores.
924 3627 1004 3679 Come
1023 3631 1128 3695 guardia
1150 3629 1173 3678 d’
1185 3647 1212 3680 o-

761 3715 831 3748 nore.
