2788 4326
371 346 517 390 EPISTULA
540 347 583 388 An
606 346 637 397 Q.
662 347 687 392 r.
735 347 804 391 CAP.
832 335 879 390 16.
1041 351 1099 391 ror

148 474 187 532 ad
210 473 328 533 laudern
351 472 482 546 attineat,
508 474 590 549 quod
612 493 673 533 non
697 484 729 532 tu
751 473 864 551 optime
886 471 1045 550 perspicias
1071 484 1104 533 et

149 560 204 622 tibi
227 582 289 622 non
312 560 374 621 sine
397 560 570 638 cuiusquam
593 561 760 622 hortatione
788 560 819 622 in
846 571 976 621 mentem
1000 561 1101 622 veniat

149 649 269 712 cotidie.
307 650 367 711 Sed
390 670 454 729 ego,
479 651 538 728 qui,
563 668 630 711 cnm
645 661 697 710 tua
711 651 787 728 lego,
813 661 842 710 te
857 650 967 722 audire,
994 662 1024 711 et
1038 649 1098 728 qni,

148 758 217 800 cnm
240 741 279 799 ad
301 749 331 798 te
354 739 460 813 scribo,
483 749 581 800 tecum
609 738 692 815 loqui
714 739 826 812 videor,
858 739 969 799 idcirco
993 750 1022 798 et
1048 749 1100 798 tua

148 827 319 906 longissima
341 847 459 905 quaque
481 827 605 906 epistula
626 827 752 888 maxime
775 830 917 902 delector,
943 838 972 886 et
990 828 1052 905 ipse
1068 827 1100 887 in

148 917 307 978 scribendo
329 935 393 977 snm
417 937 504 995 saepe
533 915 659 994 longior.
704 917 782 976 Illud
801 913 838 977 'te
865 919 904 978 ad
935 926 1101 978 extremum
1125 935 1170 1010 4⁶

148 1016 179 1065 et
202 1026 255 1067 oro
278 1016 307 1065 et
329 1007 438 1079 hortor,
464 1016 506 1079 ut,
531 1016 682 1082 tamqnam
705 1013 812 1082 poetae
835 1005 907 1078 boni
935 1015 965 1064 et
987 1016 1101 1066 actores

147 1093 283 1154 industrii
305 1097 410 1168 solent,
434 1093 477 1155 sic
499 1105 531 1154 tu
554 1094 740 1154 in'extrema
759 1106 841 1172 parte
858 1105 887 1153 et
909 1093 1101 1154 conclusione

147 1181 277 1243 muneris
298 1204 333 1244 ac
354 1182 467 1262 negotii
490 1182 532 1242 tui
549 1181 789 1262 diligentissimus
812 1181 858 1255 sis,
884 1190 916 1242 ut
932 1181 981 1244 hic
994 1181 1101 1242 tertius

146 1291 242 1331 annus
264 1271 379 1350 imperii
402 1271 446 1332 tui
470 1282 620 1348 tamquam
644 1271 745 1332 tertius
764 1282 846 1332 actus
870 1271 1102 1348 perfectissimus

146 1370 237 1436 atque
260 1359 462 1421 ornatissimus
485 1360 573 1420 fuisse
596 1360 740 1422 videatur.
787 1361 823 1420 Id
839 1358 975 1420 facillime
999 1359 1100 1434 facies,

147 1447 172 1508 si
193 1468 251 1520 me,
283 1448 330 1510 cui
353 1468 469 1528 semper
491 1448 542 1509 uni
573 1448 666 1527 magis
689 1469 778 1526 quam
808 1447 952 1508 universis
983 1451 1100 1526 placere

146 1536 272 1610 voluisti,
296 1547 395 1598 tecum
418 1557 534 1615 semper
557 1557 622 1599 esse
645 1537 775 1615 putabis,
797 1548 827 1598 et
842 1536 982 1598 omnibus
997 1538 1032 1597 iis
1054 1556 1101 1596 re·

146 1627 211 1698 bus,
236 1644 310 1703 quas
332 1625 412 1687 dices
432 1636 461 1687 et
483 1625 580 1701 facies,
604 1625 757 1687 interesse.
804 1625 965 1702 Reliquum
989 1637 1041 1694 est,
1068 1635 1102 1685 ut

146 1724 176 1776 te
192 1735 283 1788 orem,
308 1726 340 1775 ut
362 1715 525 1775 valetudini
546 1726 623 1790 tuae,
641 1714 666 1776 si
688 1725 781 1776 meet
799 1725 866 1776 tuos
882 1734 986 1775 omnes
1002 1716 1102 1774 valere

52 1831 57 1846 ι
144 1801 197 1876 vis,
222 1803 444 1882 diligentissime
466 1803 583 1866 servias.

181 2051 251 2114 quod
269 2067 320 2100 non
345 2057 374 2101 tu
401 2067 452 2101 ecc.
482 2052 556 2113 Quod
577 2049 591 2100 ὲ
685 2053 730 2114 46.
742 2057 759 2102 t.
773 2059 852 2101 actus.
866 2053 955 2102 Marco
968 2068 1099 2116 paragona

143 2123 226 2190 prima
239 2131 342 2188 oggetto
353 2123 378 2172 di
388 2123 536 2187 perspicias,
546 2125 591 2189 poi
645 2124 654 2172 i
669 2130 705 2174 tre
717 2123 779 2173 anni
789 2123 830 2173 del
842 2139 956 2188 governo
966 2124 991 2172 di
1002 2122 1099 2185 Quinto

142 2201 259 2259 soggetto
278 2195 304 2242 di
322 2193 418 2242 veniat.
646 2195 671 2243 ai
686 2202 722 2244 tre
736 2195 781 2244 atti
796 2194 862 2244 delle
873 2193 986 2258 tragedie
996 2194 1098 2258 greche,

178 2264 286 2328 longior.
306 2264 357 2314 Del
382 2264 554 2315 convenevole
573 2281 589 2315 o
645 2265 756 2315 l'ultimo
775 2264 816 2314 dei
834 2264 903 2328 quali
916 2264 1001 2314 soleva
1014 2281 1098 2316 essere

141 2336 185 2387 del
203 2336 354 2386 necessario.
644 2333 692 2402 pit
711 2342 913 2386 accuratamente
932 2335 1055 2390 lavorato.
