2788 4326
489 351 637 427 narsruns
662 383 725 445 3·5.
1062 384 1081 447 5

126 509 208 588 Quid
223 521 322 571 autem
339 507 441 588 possis,
459 508 533 569 mihi
548 509 580 569 in
595 520 727 570 mentem
742 529 804 571 non
820 509 910 571 venit.
952 513 987 570 In
1001 509 1081 570 viam

126 601 209 678 qnod
230 608 260 658 te
280 599 333 660 des
356 599 414 659 hoc
429 608 573 676 tempore,
597 597 672 659 nihil
691 609 749 660 est:
782 609 812 659 et
826 600 949 677 longum
965 609 1010 659 est
1025 599 1083 660 iter

128 699 157 749 et
179 707 240 748 non
262 698 369 762 tntum,
394 697 423 747 et
445 707 507 748 non
530 687 627 761 video,
660 687 733 766 quid
755 689 897 766 prodesse
921 687 1023 766 possis,
1056 687 1089 748 si-

127 775 251 837 veneris.
297 778 381 837 Vale.
428 779 466 837 D.
490 775 567 855 prid.
592 779 672 838 Non.
698 779 776 838 Nov.
800 775 969 841 Brundisio.

586 969 620 1033 4.

258 1115 433 1176 TULLIUS
456 1115 695 1174 TERENTIAE
718 1115 824 1173 SUAE
846 1115 878 1174 S.
902 1116 940 1173 D.

172 1295 206 1352 In
232 1291 367 1352 maximis
396 1291 470 1352 meis
498 1289 651 1353 doloribus
684 1290 831 1352 excruciat
861 1311 910 1354 me
940 1291 1083 1351 valetudo

126 1380 244 1442 Tulliae
274 1392 402 1455 nostrae,
431 1382 469 1440 de
501 1400 561 1459 qua
582 1380 657 1441 nihil
679 1391 733 1454 est,
765 1381 848 1457 qnod
871 1381 910 1439 ad
940 1390 971 1440 te
997 1380 1084 1458 plura

125 1469 269 1532 scribam:
303 1469 358 1530 tibi
371 1469 451 1530 enim
467 1489 562 1546 aeque
584 1489 710 1547 magnae
724 1487 811 1530 curae
828 1487 892 1528 esse
912 1479 992 1529 certo
1009 1467 1081 1529 scio.

128 1560 220 1636 Quod
242 1579 291 1619 me
321 1557 444 1637 propius
474 1557 564 1619 vultis
585 1559 734 1632 acced‘e're,
767 1557 856 1617 video
883 1557 924 1616 ita
946 1577 1010 1617 esse
1042 1557 1084 1615 fa·

126 1646 276 1710 ciendum.
323 1639 421 1708 Etiam
444 1657 513 1708 ante
535 1645 678 1722 fecissem,
702 1648 756 1706 sed
778 1665 826 1705 me
848 1647 943 1706 multa
957 1644 1082 1724 impedi·

129 1747 242 1808 verunt,
266 1755 404 1813 quaene
428 1756 508 1797 nnnc
538 1735 660 1813 quidem
692 1735 831 1813 expedita
858 1745 935 1797 sunt.
981 1735 1041 1794 Sed
1066 1753 1086 1794 a

130 1825 297 1903 Pomponio
321 1835 460 1903 exspecto
475 1825 597 1899 litteras,
621 1843 694 1903 quas
717 1826 755 1885 ad
770 1843 819 1884 me
842 1842 930 1902 quam
954 1822 1084 1900 primum

130 1915 321 1992 perferendas
345 1933 430 1975 cures
452 1915 551 1975 velim.
598 1917 646 1974 Da
668 1929 799 1992 operam,
824 1922 857 1973 nt
879 1915 986 1975 valeas.

591 2089 623 2154 ὅ.

268 2235 442 2294 TULLIUS
465 2236 495 2294 S.
519 2236 557 2293 D.
581 2234 818 2293 TERENTIAE
842 2233 957 2294 SUAE.

166 2423 198 2469 s.
215 2425 287 2469 v.13.
306 2426 333 2468 n.
350 2427 379 2470 v.
426 2407 525 2469 Tullia
547 2419 646 2470 nostra
668 2407 751 2468 venit
765 2409 804 2468 ad
823 2428 872 2466 me
894 2406 990 2485 pridie
1012 2407 1084 2466 Idus

130 2498 213 2572 lun,;
245 2495 328 2557 cuius
343 2517 458 2558 summa
473 2498 580 2558 virtute
603 2509 633 2559 et
656 2496 796 2574 singulari
814 2496 997 2557 humanitate
1020 2515 1083 2573 gra·

130 2583 211 2645 viore
237 2585 326 2645 etiam
357 2606 422 2647 snm
456 2588 560 2649 dolore
594 2589 716 2648 affectus
751 2596 851 2646 nostra
880 2587 990 2646 factum
1019 2603 1085 2645 esse

166 2799 268 2848 adiuva.
288 2801 312 2848 A
327 2799 365 2848 sar
378 2799 425 2849 che
439 2800 532 2850 Cesare
545 2799 582 2864 gli
636 2797 723 2857 vultis,
743 2799 767 2848 vi
781 2795 795 2846 ὲ
808 2799 905 2850 l'ellissi
924 2796 984 2860 (che
999 2813 1087 2864 spesso

131 2871 293 2935 perdonasse.
637 2869 658 2918 si
672 2870 697 2918 fa
710 2871 792 2920 anche
802 2871 829 2920 in
839 2867 958 2933 italiano)
972 2869 1014 2918 del
1026 2885 1088 2919 con·

167 2941 201 2992 In
227 2941 339 2990 viam...
368 2941 437 2989 nihil
459 2947 501 2990 est.
526 2942 581 2993 Cic.
635 2947 719 2990 cetto:
751 2943 782 2990 vi
813 2941 986 3006 rispondo.
1018 2941 1089 2991 Con·

129 3026 174 3061 era
186 3009 240 3062 cosi
250 3012 463 3077 profondamente
473 3013 581 3074 turbato,
635 3011 719 3061 fronte
738 3012 763 3061 la
782 3020 849 3062 terra
861 3020 922 3062 nota
935 3010 993 3061 dell'
1001 3013 1049 3076 Ep.
1062 3021 1088 3060 2.

129 3081 178 3133 che
192 3084 220 3132 in
233 3084 274 3132 un'
286 3083 350 3132 altra
368 3083 457 3134 lettera
474 3084 581 3150 rimpro·
671 3081 820 3145 Pomponio.
845 3085 906 3132 Tito
932 3082 1089 3147 Pomponio,

130 3169 190 3204 vera
209 3171 224 3204 a
241 3156 300 3204 Ter.
321 3154 347 3204 di
366 3170 419 3204 non
433 3170 520 3220 ‚essere
538 3171 582 3203 an·
636 3156 706 3204 detto
722 3155 816 3213 Attico,
836 3151 930 3218 perche
949 3169 991 3204 era
1004 3153 1088 3203 dimo·

130 3226 192 3275 data
220 3242 235 3274 a
262 3226 298 3274 lui
326 3225 394 3275 colla
422 3225 500 3291 figlia.
523 3226 581 3275 Cfr.
636 3231 690 3275 rato
705 3225 772 3274 eirca
784 3238 817 3274 20
827 3227 888 3274 anni
899 3225 926 3274 in
938 3226 1029 3274 Atene.
1049 3226 1088 3274 Fu

131 3295 182 3361 Ep.
200 3309 228 3360 4,
247 3305 309 3346 nota
331 3309 352 3345 1.
638 3296 657 3346 il
679 3292 725 3360 pil
745 3297 841 3361 grande
860 3296 944 3345 amico
967 3296 993 3345 di
1015 3296 1088 3345 Cice·

169 3363 223 3432 Ep.
235 3362 265 3420 4.
276 3369 317 3418 Da
328 3367 446 3427 Brindisi,
457 3367 522 3418 sulla
532 3367 583 3418 fine
636 3383 706 3423 rone,
733 3367 764 3416 ed
783 3383 827 3416 ora
852 3368 889 3432 gli
908 3383 986 3417 aveva
1004 3366 1089 3415 consi·

130 3437 176 3488 del
195 3441 332 3488 novembre
352 3439 411 3500 706.
637 3438 718 3504 gliato
737 3437 764 3487 di
783 3439 934 3488 avvicinarsi
954 3453 968 3486 a
987 3439 1079 3487 Roma.

169 3509 237 3558 nihil
252 3516 294 3566 est,
315 3510 385 3574 quod
398 3529 434 3550 =
456 3509 530 3558 nulla
548 3515 587 3558 est
672 3505 728 3572 Ep.
746 3505 777 3562 5.
795 3510 837 3559 Da
855 3508 974 3567 Brindisi,
994 3507 1090 3558 l'anno

130 3594 218 3638 causa,
238 3581 311 3645 quod.
640 3589 699 3643 707.

168 3650 247 3701 video.
266 3653 318 3701 Tra
334 3657 423 3716 questo
438 3652 515 3701 verbo
532 3649 584 3700 ela
667 3651 770 3714 factum
796 3665 887 3702 esse...
916 3657 987 3699 ut...
1019 3657 1090 3700 esset.

77 3787 81 3800 Ι
132 3723 286 3786 precedente
296 3721 475 3788 proposizione
486 3721 584 3783 Quod...
639 3724 702 3772 Pare
716 3722 763 3772 che
782 3723 868 3774 alluda
881 3721 906 3772 al
925 3722 1098 3772 matrimonio
