2788 4326
471 311 620 354 rrrsruna
647 295 758 374 59·⁶0·
1056 314 1095 376 73

127 439 350 514 circumibatur,
375 457 435 516 quo
456 439 504 497 vel
527 438 689 516 plurimum
713 443 792 500 valet
812 441 969 502 Antonius.
1020 444 1098 503 Cum

129 550 238 594 omnes
260 549 292 590 se
317 526 499 605 recepissent
529 527 624 588 nostri
652 528 781 602 ordines,
810 530 941 608 recipere
971 550 1020 591 me
1044 551 1099 592 no-

129 619 268 682 vissimus
298 616 385 695 coepi
410 618 449 676 ad
477 626 594 704 castra;
631 617 782 679 Antonius
815 629 967 696 tamquam
1000 617 1097 681 victor

128 719 227 772 castra
249 706 364 786 putavit
388 725 419 766 se
442 725 530 783 posse
553 725 681 784 capere;
721 727 781 784 quo
805 728 874 768 cum
897 707 988 781 venit,
1014 729 1096 790 eom,-

56 838 63 856 .
131 801 232 878 plures
247 795 289 856 ibi
304 794 409 867 amisit,
426 814 484 855 nec
506 794 568 872 egit
587 795 756 874 quicquam.
800 797 911 856 Audita
930 817 962 857 re
979 797 1095 858 Hirtius

126 907 201 949 curn
231 885 404 947 cohortibus
425 882 530 961 viginti
564 885 712 945 veteranis
741 885 878 947 redeunti
907 886 1041 947 Antonio
1064 886 1098 946 in

131 997 186 1036 sua
208 986 303 1044 castra
325 972 453 1034 occurrit
476 971 639 1050 copiasque
662 973 726 1035 eius
750 995 857 1036 omnes
881 975 993 1036 delevit
1015 977 1097 1053 suga·

131 1065 234 1144 vitque
259 1064 366 1124 eodem
380 1066 460 1132 loco,
484 1060 537 1122 ubi
560 1072 623 1121 erat
645 1074 818 1142 pugnatum,
835 1067 874 1126 ad
901 1069 1009 1125 Forum
1026 1066 1109 1138 Gal:

129 1157 249 1229 lorum;
289 1151 439 1212 Antonius
468 1171 537 1211 cum
572 1151 721 1228 equitibus
755 1155 829 1214 hora
863 1153 959 1216 noctis
989 1164 1095 1232 quarta

130 1263 163 1304 se
186 1242 218 1302 in
249 1251 344 1303 castra
371 1260 423 1300 sua
446 1241 485 1299 ad
515 1241 665 1300 Mutinam
691 1242 824 1320 recepit3
864 1244 980 1303 Hirtius
1002 1244 1034 1302 in
1057 1264 1093 1304 ea
1121 1258 1137 1322 5

130 1343 227 1394 castra
255 1329 351 1403 rediit,
385 1329 465 1389 unde
492 1331 589 1388 Pansa
623 1329 742 1406 exierat,
778 1331 831 1391 ubi
861 1334 935 1392 duas
961 1331 1095 1410 legiones

129 1421 299 1500 reliquerat,
332 1438 408 1495 quae
437 1419 476 1477 ab
510 1417 644 1478 Antonio
680 1431 763 1480 eraut
797 1431 997 1499 oppugnatae.
1045 1421 1093 1482 Sic

131 1520 247 1588 partem
271 1509 413 1568 maiorem
432 1526 551 1567 suarum
575 1507 727 1585 copiarum
752 1508 900 1570 Antonius
923 1509 1021 1570 amisit
1044 1529 1093 1569 ve·

132 1610 324 1672 teranarum;
363 1616 420 1656 nec
437 1595 470 1655 id
499 1606 600 1655 tamen
630 1597 693 1656 sine
721 1597 820 1674 aliqua
850 1596 962 1660 iactura
988 1601 1093 1659 cohor·

130 1688 207 1747 tium
231 1685 444 1765 praetoriarum
475 1695 642 1744 nostrarum
669 1695 700 1746 et
728 1685 853 1765 legionis
882 1688 1006 1747 Martiae
1029 1686 1093 1747 fieri

133 1775 241 1854 potuit.
287 1774 416 1850 Aquilae
439 1775 526 1847 duae,
547 1773 630 1851 signa
652 1776 803 1855 sexaginta
825 1786 894 1837 sunt
916 1779 1009 1837 relata
1033 1779 1094 1835 An-

133 1865 219 1927 tonii.
262 1867 324 1924 Res
339 1866 418 1924 bene
432 1873 515 1942 gesta
533 1871 585 1924 est.
626 1868 664 1924 A.
689 1866 719 1926 d.
736 1883 798 1928 xvi.
822 1867 974 1926 Kalendas
998 1864 1093 1926 Maias

130 1973 170 2014 ex
193 1953 304 2017 castris

584 2201 643 2265 60.

168 2367 211 2425 M.
236 2365 387 2426 CICERO
410 2367 441 2427 S.
465 2367 503 2426 D.
528 2367 568 2425 D.
592 2364 732 2424 BRUTO
755 2365 836 2426 IMP.
862 2363 948 2424 COS.
973 2363 1061 2423 DES.

177 2562 252 2620 Tres
274 2578 336 2620 uno
360 2560 501 2620 dicate
524 2560 625 2638 accepi
650 2559 806 2637 epistulas:
843 2579 934 2620 unam
957 2562 1089 2633 brevem,
1119 2597 1134 2636 1

131 2670 224 2728 quam
247 2651 360 2710 Flacco
371 2649 534 2711 Volumnio
550 2651 685 2723 dederas,
700 2650 774 2709 duas
790 2649 948 2727 pleniores,
966 2668 1092 2726 quarum

131 2876 207 2926 ursin
219 2892 269 2927 con
282 2893 372 2926 cornu.
385 2880 416 2927 In
428 2887 517 2945 questo
531 2880 582 2944 pri·

134 2965 177 2998 mo
202 2958 304 2999 scontro
325 2949 344 2998 il
369 2952 474 3000 console
498 2954 583 3001 Pansa

132 3017 201 3069 resto
221 3022 399 3070 mortalmenle
418 3023 500 3071 ferito.

168 3107 225 3139 cum
243 3092 319 3140 venit.
344 3092 411 3141 Tien
435 3093 514 3158 luogo
539 3094 581 3154 del

131 3163 248 3227 regolare
266 3179 323 3212 cum
341 3164 455 3212 venisset.

168 3249 225 3281 cum
243 3235 386 3283 cohortibus
404 3234 504 3297 viginti.
518 3237 580 3285 For·

133 3321 243 3354 mavano
261 3306 287 3355 la
305 3314 395 3371 quarta
414 3306 467 3356 ela
479 3307 582 3356 settima

131 3376 245 3441 legione.

170 3458 193 3512 5.
212 3447 362 3497 Hirtius...
387 3447 470 3497 rediit.
496 3448 525 3498 L'
536 3465 582 3499 ora

131 3521 203 3567 tarda
222 3535 236 3568 e
254 3520 279 3570 la
298 3535 438 3569 mancanza
456 3520 482 3569 dl
496 3519 579 3570 caval·

131 3589 196 3638 leria
208 3591 370 3656 impedirono
384 3608 399 3640 a
412 3591 477 3640 lrzio
490 3592 516 3641 di
531 3601 580 3642 trar

131 3663 271 3727 vantaggio
290 3663 361 3712 dalla
379 3663 489 3712 vittoria.

672 2880 736 2928 duas
756 2879 801 2941 leg.
821 2879 862 2930 Sc.
881 2879 1003 2926 tironum.

673 2951 790 3013 Aquilae.
817 2951 927 3014 lnsegne
956 2949 1025 2998 delle
1052 2949 1089 3006 le·

634 3022 717 3086 gioni.

670 3094 752 3155 signu.
773 3093 882 3156 lnsegne
896 3091 938 3140 dei
952 3091 1087 3156 manipuli.

635 3163 665 3213 In
694 3163 756 3228 ogni
784 3163 888 3228 legione
916 3179 947 3212 ve
973 3162 997 3211 n’
1008 3178 1087 3212 erano

636 3244 726 3284 trenta.

671 3307 720 3354 Res
738 3307 797 3353 bene
812 3309 885 3368 gesta
906 3312 949 3354 est.
965 3303 1092 3355 Asindeto

635 3377 802 3427 riassuntiro:
823 3375 955 3426 Insomma
974 3373 1028 3425 lat
1045 3393 1090 3425 an-

635 3448 695 3498 data
714 3449 790 3497 bene.

676 3517 727 3583 up.
741 3515 788 3568 60.
801 3517 843 3567 Da
855 3520 947 3582 Roma,
958 3517 1024 3568 sulla
1037 3517 1091 3568 fine

635 3591 661 3639 di
681 3589 784 3654 maggio
806 3589 848 3639 del
875 3600 934 3652 711.
959 3615 991 3624 -
1011 3588 1090 3640 Bruto

636 3661 769 3727 inseguiva
796 3662 829 3710 da
857 3661 931 3726 quasi
958 3677 993 3710 un
1019 3677 1090 3711 mese
