2788 4326
454 349 603 392 urrsruta
628 337 734 410 37·38.
1033 353 1076 411 ²9

112 475 196 536 enim
220 495 319 535 rerum
342 475 520 536 domesticos
542 479 635 537 habes
658 489 688 536 et
703 477 859 555 scriptores
876 488 905 536 et
928 476 1073 552 nunti0s;

112 563 145 624 in
169 564 243 624 meis
266 574 365 624 autem
388 568 477 624 rebus
497 565 568 626 nihil
594 578 638 626 est
653 585 723 626 sane
739 565 818 626 novi.
859 564 987 642 Reliqua
1002 575 1077 625 sunt

113 653 305 732 epistularum
323 673 433 731 genera
448 656 519 726 du0,
534 675 610 732 quae
625 676 673 714 me
686 674 794 732 magno
808 675 898 732 opere
911 657 1070 727 delectant,

112 762 206 802 unum
232 742 374 803 familiare
397 755 428 803 et
449 742 591 816 iocosum,
616 747 741 805 alterum
764 763 900 803 severum
921 754 951 803 et
973 763 1071 820 grave.

111 835 191 892 Utro
221 851 270 891 me
303 832 401 892 minus
431 834 536 894 deceat
567 833 618 908 uti,
653 854 714 892 non
744 833 896 910 intellego.
950 835 1074 893 locerne

111 932 211 982 tecum
236 941 289 998 per
311 922 447 981 litteras?
488 922 590 983 Civem
614 924 783 982 mehercule
806 941 867 982 non
900 933 973 1000 puto
997 939 1070 990 esse,

111 1011 165 1086 qui
187 1011 372 1087 temporibus
401 1009 445 1070 his
468 1010 564 1070 ridere
587 1011 691 1089 possis.
737 1015 786 1071 An
814 1010 930 1089 gravius
960 1009 1072 1086 aliquid

111 1099 264 1159 scribam?
311 1100 391 1175 Quid
416 1111 467 1172 est,
501 1101 583 1177 quod
613 1101 706 1178 possit
732 1100 899 1177 gravitera
926 1099 1072 1160 Cicerone

111 1189 201 1248 scribi
224 1190 262 1247 ad
279 1188 449 1262 Curionem,
474 1188 530 1248 nisi
554 1191 591 1248 de
613 1210 645 1249 re
668 1190 807 1267 publica?
845 1188 937 1265 Atqui
960 1187 990 1247 in
1013 1190 1073 1248 hoc

110 1297 222 1355 genere
245 1279 318 1338 haec
341 1298 408 1337 mea
431 1297 520 1338 causa
543 1289 594 1352 est,
621 1290 654 1338 ut
677 1299 775 1355 neque
798 1298 842 1352 ea,
867 1298 944 1354 quae
965 1276 1071 1350 senti0,

111 1386 212 1443 neque
236 1387 278 1436 ea,
304 1387 380 1443 quae
403 1387 464 1425 nou
489 1367 592 1439 sentio,
617 1366 707 1426 velim
731 1367 867 1430 scribere.
916 1368 1014 1442 Quam
1031 1367 1072 1426 ob
1098 1385 1116 1424 a

109 1475 184 1527 rem,
211 1455 352 1533 quoniam
375 1455 450 1514 mihi
473 1459 587 1516 nullum
611 1457 760 1516 scribendi
791 1466 999 1533 argumentum
1028 1475 1072 1514 re·

108 1543 214 1605 lictum
238 1555 289 1616 est,
316 1555 380 1604 utar
404 1565 438 1604 ea
461 1547 599 1619 clausula,
624 1567 684 1622 qua
710 1548 800 1618 sole0‚
832 1556 920 1620 teque
948 1546 986 1603 ad
1011 1554 1070 1603 stu·

109 1633 194 1693 dium
218 1653 351 1694 summae
374 1633 470 1693 laudis
493 1636 692 1694 cohortabor:
730 1646 775 1693 est
799 1633 877 1696 enim
895 1633 950 1692 tibi
972 1633 1068 1710 gravis

109 1721 279 1783 adversaria
311 1722 469 1783 constituta
502 1733 532 1782 et
566 1735 675 1800 parata,
709 1721 889 1782 incredibilis
923 1723 1070 1799 quaedam

110 1811 302 1888 exspectatio,
338 1831 427 1887 quam
451 1822 484 1871 tu
506 1832 567 1871 una
592 1833 624 1872 re
654 1813 792 1872 facillime
821 1812 930 1882 vinces,
961 1811 985 1870 si
1013 1813 1072 1870 hoc

110 1900 255 1972 statueris,
281 1920 405 1976 quarum
428 1902 550 1960 laudum
573 1901 696 1978 gloriam
716 1901 868 1973 adamatis,
895 1900 1004 1976 quibus
1027 1920 1071 1960 ar·

110 1989 190 2049 tibus
214 2009 267 2049 eae
290 1990 393 2048 laudes
416 2000 633 2066 comparantur,
657 1991 688 2048 in
704 1989 740 2050 iis
757 2011 820 2050 esse
843 1991 1070 2049 elaborandum.

109 2081 146 2137 In
168 2081 248 2138 hanc
263 2077 439 2137 seutentiam
463 2078 622 2138 scriberem
645 2083 738 2157 plura,
764 2079 820 2138 nisi
842 2089 872 2138 te
889 2090 940 2138 tua
963 2089 1073 2156 sponte

110 2167 179 2226 satis
203 2166 357 2227 incitatum
381 2186 444 2226 esse
465 2169 654 2242 confiderem,
680 2178 710 2228 et
724 2171 790 2238 hoc,
817 2166 960 2245 quicquid
975 2164 1068 2243 attigi,

110 2277 172 2330 nou¹
187 2256 243 2317 feci
256 2255 459 2316 inflammandi
471 2256 514 2315 tui
522 2276 620 2338 causa,
630 2259 682 2316 sed
695 2256 872 2318 testificandi
881 2255 988 2316 amoris
1002 2255 1072 2314 mei.

567 2449 627 2515 38.

406 2593 557 2653 CICERO
580 2595 719 2654 BRUTO
746 2597 775 2654 S.

154 2771 188 2831 L.
206 2769 287 2830 Titio
311 2773 466 2842 Strabone,
493 2771 591 2848 equite
615 2776 753 2833 Romano
770 2773 801 2831 in
821 2772 924 2850 primis
940 2775 1068 2834 honesto
1096 2795 1109 2833 r

109 2869 140 2916 et
170 2870 284 2932 ornat0,
314 2859 538 2920 familiarissime
569 2872 656 2936 utor;
697 2861 797 2922 omnia
832 2863 904 2922 mihi
936 2883 1002 2923 cum
1031 2882 1068 2922 eo

144 3054 299 3116 scriptores:
323 3053 364 3104 chi
383 3071 416 3105 ne
435 3055 461 3106 lo
483 3055 561 3104 insor-
650 3074 762 3120 quarum
791 3059 806 3106 l.
836 3058 990 3108 Costruisci:
1020 3073 1070 3106 esse

111 3141 184 3174 mara
208 3126 411 3189 regolarmeute;
438 3127 557 3176 nuntios:
615 3127 796 3176 elaborandum
826 3130 854 3176 in
890 3129 923 3177 iis
960 3129 1067 3187 artibus,

111 3197 266 3261 messaggeri
286 3198 428 3251 avventizii.
616 3201 706 3262 quibus
719 3216 760 3247 eae
774 3200 860 3248 laudes
870 3206 1069 3263 comparantur,

146 3279 171 3314 2.
199 3269 354 3316 incredibilis
379 3270 510 3332 quaedam.
539 3269 562 3318 Il
615 3271 1071 3334 quarum<adamarisglorianalaus

109 3355 234 3402 pronome
253 3355 305 3388 non
324 3356 394 3390 serve
413 3339 459 3388 che
479 3356 494 3389 a
513 3341 561 3390 ral-
615 3337 671 3389 ela
692 3343 751 3390 lode
771 3343 817 3391 che
836 3344 912 3392 viene
931 3343 999 3391 dalle
1018 3343 1069 3392 sin·

110 3409 206 3458 forzare
220 3409 373 3475 l'aggettivo.
393 3411 505 3461 Curione
519 3428 560 3460 era
615 3413 675 3476 gole
695 3414 777 3462 azioni
799 3414 927 3476 lodevoli;
949 3415 1034 3478 gloria
1054 3411 1069 3462 ὲ

111 3489 228 3544 questore
241 3481 268 3530 in
282 3483 356 3544 Asia,
371 3483 395 3532 al
405 3498 451 3532 suo
465 3483 561 3532 ritorno
615 3485 640 3532 la
658 3485 750 3534 stabile
774 3486 938 3550 reputazioue
960 3486 1007 3535 che
1034 3485 1067 3534 ri·

110 3552 137 3600 in
155 3554 239 3602 Roma
258 3553 284 3602 su
306 3554 369 3606 fatto
394 3553 497 3604 tribuno
515 3554 562 3616 (50
614 3555 681 3604 sulta
691 3557 732 3604 dal
743 3557 885 3621 complesso
897 3557 964 3606 delle
972 3556 1069 3610 laudes.

112 3638 149 3671 av.
169 3621 232 3687 Ca),
252 3640 265 3672 e
285 3641 351 3689 poco
374 3626 400 3675 di
419 3625 464 3689 poi
486 3621 561 3690 passo
651 3623 707 3692 Ep.
726 3624 774 3679 38.
797 3630 838 3676 Da
860 3631 951 3690 Roma,
971 3627 1067 3676 l'anno

112 3695 163 3743 alla
180 3703 252 3761 parte
271 3697 297 3745 di
316 3697 417 3748 Cesare.
617 3695 675 3761 708,
697 3699 767 3753 aM.
790 3698 885 3749 Giunio
910 3702 995 3759 Bruto,
1019 3698 1068 3749 che
