2788 4326
358 381 505 425 EPISTULA
529 381 572 425 an
597 381 625 433 Q.
652 383 679 426 r.
726 380 795 425 cnr.
823 381 926 442 14·15.
1077 386 1120 444 99

165 519 286 570 nostrae
309 527 356 568 res
379 517 485 579 essent,
510 505 584 566 nihil
606 507 660 567 abs
680 497 709 566 te
732 505 881 578 eximium,
906 505 980 566 nihil
1002 517 1121 585 praeter

165 597 290 658 aliorum
307 595 554 658 consuetudinem
573 598 788 674 postularetur:
821 614 901 656 nunc
913 615 983 656 vero
998 607 1123 674 propter

166 707 268 749 earum
292 705 398 758 rerum,
423 684 454 745 in
476 683 584 762 quibus
607 683 713 745 versati
738 703 847 757 sumus,
877 685 1065 762 splendorem
1090 695 1121 746 et

167 773 412 854 magnitudinem,
435 773 492 833 nisi
515 793 661 834 summam
683 775 804 834 laudem
827 793 863 833 ex
886 772 941 833 ista
968 773 1120 851 provincia

167 864 360 942 assequimur,
386 861 435 922 vix
457 862 593 923 videmur
608 882 754 922 summam
770 862 1016 940 vituperationem
1032 882 1120 942 posse

168 953 269 1014 vitare.
327 955 371 1012 Ea
394 962 494 1011 nostra
523 951 597 1012 ratio
628 962 679 1023 est,
712 962 745 1010 ut
767 971 871 1011 omnes
894 950 966 1011 boni
989 970 1057 1011 curn
1080 954 1119 1011 f-

167 1052 266 1117 veant,
290 1052 354 1101 tum
378 1040 466 1101 etiam
489 1059 610 1099 omnem
630 1039 750 1100 anobis
765 1039 947 1117 diligentiam
970 1039 1120 1101 virtutem·

168 1151 227 1209 que
251 1141 281 1191 et
303 1131 455 1208 postulent
478 1139 508 1189 et
531 1138 710 1207 exspectent,
736 1149 838 1189 omnes
859 1139 958 1188 autem
980 1127 1119 1207 improbi,

169 1220 251 1298 quod
274 1238 341 1280 curn
365 1218 400 1278 iis
425 1219 538 1278 bellum
561 1216 773 1296 sempiternum
789 1218 979 1294 suscepimus,
1004 1220 1052 1278 vel
1067 1218 1121 1278 mi·

169 1308 251 1369 nima
272 1328 304 1367 re
328 1308 366 1366 ad
397 1307 676 1384 reprehendendum
704 1304 835 1366 contenti
858 1325 921 1366 esse
952 1306 1118 1368 videantur.

169 1400 238 1474 Qua
260 1416 300 1470 re,
318 1394 458 1473 quoniam
482 1394 544 1455 eius
566 1395 649 1456 modi
671 1397 818 1455 theatrum
841 1394 959 1454 sortitus
981 1415 1021 1469 eS,
1046 1399 1120 1456 cele·
1145 1415 1190 1469 42

146 1507 149 1514 ·
170 1485 277 1546 britate
296 1480 526 1554 refertissimum,
545 1483 748 1561 magnitudine
763 1483 986 1561 amplissimum,
1010 1483 1128 1546 iudicio

172 1573 409 1646 eruditissimum,
443 1583 547 1633 natura
576 1581 675 1632 autem
710 1572 751 1632 ita
780 1573 929 1646 resdnans,
961 1582 994 1632 ut
1028 1590 1121 1650 usque

170 1667 299 1724 Romam
331 1660 557 1740 significationes
585 1681 733 1738 vocesque
762 1663 932 1734 referantur,
962 1662 1119 1734 contende,

171 1772 292 1829 quaeso,
317 1762 406 1828 atque
430 1752 557 1814 elabora.
582 1770 645 1810 non
667 1751 759 1810 modo
782 1759 815 1809 ut
837 1747 882 1809 his
904 1752 993 1810 rebus
1016 1749 1122 1828 dignus

171 1841 271 1911 fuisse,
295 1838 460 1900 sedetiam
483 1839 588 1899 utilla
618 1837 719 1898 omnia
744 1837 801 1897 tuis
827 1838 939 1898 artibus
969 1857 1122 1916 superasse
1147 1877 1164 1944 l

171 1929 299 1990 videare.
345 1931 391 2002 Et,
416 1927 558 2004 quoniam
588 1927 660 1987 mihi
691 1947 776 1988 casus
806 1929 948 1988 urbanam
971 1927 1003 1987 in
1033 1927 1121 2006 magi·

173 2019 311 2079 stratibus
333 2016 618 2077 administrationem
640 2015 684 2076 rei
710 2016 856 2093 publicae,
880 2016 934 2076 tibi
961 2015 1122 2094 provincia·
1147 1990 1193 2048 4³

172 2110 232 2168 lem
256 2105 349 2177 dedit,
368 2105 392 2165 si
406 2125 473 2166 mea
491 2125 557 2183 pars
572 2104 684 2165 nemini
700 2105 787 2180 cedit,
812 2107 865 2178 fac,
883 2114 915 2165 ut
937 2115 989 2164 tua
1010 2116 1125 2166 ceteros

176 2195 285 2257 vincat.
334 2193 428 2256 Simul
454 2194 543 2254 etiam
565 2193 640 2253 illud
662 2193 768 2271 cogita,
793 2214 848 2254 nos
870 2195 993 2254 nonde
1015 2194 1128 2271 reliqua

178 2295 208 2346 et
230 2293 347 2363 sperata
370 2281 463 2361 gloria
485 2281 543 2342 iam
566 2283 710 2356 laborare,
735 2283 786 2341 sed
802 2283 840 2341 de
863 2292 948 2359 parta
970 2281 1128 2357 dimicare;

176 2392 253 2450 quae
265 2373 389 2450 quidem
405 2391 467 2432 non
479 2381 539 2431 tam
555 2372 721 2449 expetenda
732 2371 819 2431 nobis
834 2370 898 2443 suit,
916 2390 1004 2447 quam
1016 2373 1130 2431 tuenda

175 2473 229 2523 est.
275 2464 329 2536 Ac,
360 2461 385 2520 si
416 2459 489 2519 mihi
519 2458 677 2536 quicquam
707 2468 784 2519 esset
810 2461 864 2519 abs
891 2468 920 2518 te
950 2471 1126 2537 separatum,

177 2551 252 2612 nihil
268 2549 394 2628 amplius
410 2548 608 2608 desiderarem
631 2549 690 2609 hoc
713 2557 799 2618 statu,
824 2546 875 2624 qui
897 2546 970 2608 mihi
985 2548 1043 2607 iam
1064 2567 1128 2626 par·

176 2651 224 2701 tus
247 2650 307 2714 est3
343 2658 424 2699 nunc
446 2657 516 2698 vero
540 2636 582 2697 sic
604 2656 650 2697 res
672 2656 736 2697 sese
759 2638 858 2711 habet,
883 2647 915 2696 ut
942 2636 997 2696 nisi
1028 2636 1129 2698 omnia

177 2740 228 2788 tua
250 2730 327 2788 sacta
348 2738 437 2803 atque
460 2725 540 2786 dicta
564 2724 670 2785 nostris
691 2726 780 2786 rebus
810 2725 896 2787 istinc
918 2727 1126 2804 respondeant,

178 2837 234 2895 ego
257 2836 305 2876 me
328 2816 417 2876 tantis
440 2814 514 2875 meis
536 2813 687 2875 laboribus
710 2813 859 2891 tantisque
882 2813 1030 2892 periculis,
1058 2833 1130 2891 quo·

177 3011 318 3078 parlassero
337 3010 363 3059 di
382 3010 460 3060 noie
487 3024 553 3075 poco
578 3025 625 3076 po·
715 3007 823 3064 artibus,
842 3009 885 3057 Ha
903 3022 978 3056 senso
997 3008 1101 3058 morale.

177 3091 243 3134 tesse
261 3083 322 3132 dirsi
340 3082 367 3131 in
386 3087 472 3131 nostra
494 3081 553 3131 lode
571 3095 624 3130 ecc.
715 3075 786 3144 Gap.
807 3073 855 3142 15,
874 3087 918 3139 43.
944 3079 1042 3127 nemini
1060 3095 1074 3128 e
1093 3094 1131 3128 ce-

211 3163 256 3214 42.
265 3152 430 3203 theatrum.11
441 3167 515 3201 senso
526 3151 552 3201 di
564 3167 625 3217 que·
680 3156 746 3198 teras
759 3156 850 3199 stanno
861 3165 905 3214 per
913 3149 990 3212 parti
1001 3166 1015 3198 e
1027 3155 1134 3200 ceteras.

177 3232 215 3275 sta
229 3224 351 3274 metasora
364 3221 379 3273 ὲ
392 3223 502 3288 analogo
514 3239 529 3272 a
541 3222 628 3288 quello
681 3221 812 3272 Mediante
831 3228 920 3285 questa
932 3221 1018 3286 specie
1031 3221 1056 3270 di
1072 3222 1131 3270 bra·

178 3297 205 3346 di
225 3297 253 3344 in
272 3296 326 3343 luce
346 3295 422 3344 Asiae
440 3294 481 3344 del
500 3289 518 3357 ἓ
536 3309 561 3358 9.
681 3291 793 3356 chilogis
812 3291 834 3340 si
852 3307 983 3356 paragona
996 3290 1021 3341 la
1034 3289 1130 3357 qualitfa

211 3366 297 3432 sr'gnifi
311 3367 440 3417 Continuo
451 3364 625 3429 ooll'imagine
679 3363 702 3412 d'
715 3379 749 3412 uu
767 3369 883 3427 suggetto
902 3363 935 3412 ad
959 3378 994 3411 un
1018 3364 1133 3413 secondo

177 3438 220 3488 del
239 3438 403 3494 theatrum,e
422 3435 481 3486 vuol
500 3435 566 3486 dire:
587 3450 625 3485 se·
679 3441 797 3498 soggetto
820 3434 908 3484 insece
937 3433 984 3483 che
1007 3434 1058 3484 alla
1085 3450 1132 3483 sua

177 3509 222 3576 gni
241 3507 462 3574 d'npprovazione,
483 3505 608 3572 applausi.
684 3501 789 3570 qualitd.

214 3579 253 3628 lr's
270 3581 344 3630 rebus
361 3595 376 3628 e
395 3578 441 3627 illa
459 3579 544 3627 omnia
559 3576 626 3626 allu-
717 3576 763 3634 Ac,
783 3573 805 3623 si
830 3574 894 3623 mihi
918 3575 1052 3638 quicquam
1078 3590 1132 3624 ecc.

178 3651 248 3700 douo
261 3667 354 3702 ancora
367 3649 417 3700 alle
431 3648 627 3714 significationes
680 3648 702 3696 E
730 3663 758 3695 se
782 3646 808 3695 io
828 3662 880 3696 non
907 3647 988 3696 avessi
1013 3654 1076 3697 tutto
1104 3646 1133 3694 in

181 3736 307 3785 vocesque.
681 3733 790 3768 comune
809 3731 858 3767 con
878 3724 910 3768 te.
